<!DOCTYPE html><html dir="ltr" lang="de"><head>
		
		
		<!--

		=========================================================
		Shopsoftware by Gambio GmbH (c) 2005-2016 [www.gambio.de]
		=========================================================

		Gambio GmbH offers you highly scalable E-Commerce-Solutions and Services.
		The Shopsoftware is redistributable under the GNU General Public License (Version 2) [http://www.gnu.org/licenses/gpl-2.0.html].
		based on: E-Commerce Engine Copyright (c) 2006 xt:Commerce, created by Mario Zanier & Guido Winger and licensed under GNU/GPL.
		Information and contribution at http://www.xt-commerce.com

		=========================================================
		Please visit our website: www.gambio.de
		=========================================================

		-->
		
		<meta http-equiv="X-UA-Compatible" content="IE=edge">
		<meta http-equiv="Content-Type" content="text/html; charset=utf-8">
		<meta http-equiv="Content-Style-Type" content="text/css">
		<meta name="robots" content="index,follow,noodp,noydir">
		<meta name="language" content="de">
		<meta name="google-site-verification" content="d34oFbdVd2K3oU2LS_Pbc5tFNhmpx2wRVhIAXQOQXnM">
		<meta name="author" content="Feinkost-aus-Ungarn.de">
		<title>Feinkost online kaufen und in Teningen südlich von Stuttgart&nbsp;-&nbsp;Feinkost-aus-Ungarn.de | Spezialitäten</title>
		<meta name="keywords" content="erös pista, feinkost stuttgart, inno rheuma creme, pick salami, spezialitäten aus ungarn, ungarische lebensmittel, ungarische salami, ungarische spezialitäten, ungarisches paprikapulver, zwack unicum kräuterlikör">
		<meta name="description" content="Entdecken Sie unsere exzellente ungarische Feinkost - bei uns vor Ort in Teningen, nahe Stuttgart und Freiburg - und natürlich hier im Onlineshop!">
		<meta http-equiv="pragma" content="NO-CACHE">
		<meta http-equiv="cache-control" content="NO-CACHE">
		<link href="https://plus.google.com/102159282083684120677" rel="publisher">


<script type="text/javascript" charset="utf-8" async="" src="//widgets.trustedshops.com/js/XC1476481E07310B9FE984CAC95508FED.js"></script><script async="" src="//www.google-analytics.com/analytics.js"></script><script type="text/javascript" async="" src="https://cdn.findologic.com/autocomplete/require.js" data-main="https://cdn.findologic.com/autocomplete/A2D2C5F4F146FE808F0A3EABEEE82F20/autocomplete.js"></script>
</script><base href="https://www.feinkost-aus-ungarn.de/">
		
		<link rel="shortcut icon" href="https://www.feinkost-aus-ungarn.de/images/logos/favicon.ico" type="image/x-icon">		<link rel="apple-touch-icon" href="https://www.feinkost-aus-ungarn.de/images/logos/favicon.png">		
				
		<link type="text/css" rel="stylesheet" href="templates/EyeCandy/gm_dynamic.css.php?current_template=EyeCandy&amp;http_caching=true&amp;gzip=true&amp;gzip_level=9&amp;ob_gzhandler=false">		
		
<!--[if IE 6]>
<link rel="stylesheet" href="templates/EyeCandy/ie6fix/fixes-ie6.css" type="text/css" />
<![endif]-->

<!--[if IE 6]>
<script type="text/javascript" src="templates/EyeCandy/ie6fix/DD_belated_0.0.8a-min.js"></script>
<![endif]-->


	<link rel="stylesheet" type="text/css" href="https://widgets.trustedshops.com/reviews/tsSticker/css/light.theme.css" id="tsStickerTheme"><link type="text/css" rel="stylesheet" href="https://widgets.trustedshops.com//css/style.css?version=2017-07-20-WEB&amp;tsId=XC1476481E07310B9FE984CAC95508FED&amp;sourceUrl=&amp;yOffset=0&amp;variant=reviews&amp;customElementId=&amp;trustcardDirection=&amp;customBadgeWidth=&amp;customBadgeHeight=&amp;disableResponsive=false&amp;disableTrustbadge=false&amp;customCheckoutElementId=&amp;channel=" class="trustbadgeStyleSheet" id="trustbadgeStyleSheetstyle"><link type="text/css" rel="stylesheet" href="//widgets.trustedshops.com//css/tbAuthenticReviews.css?version=2017-07-20-WEB&amp;tsId=XC1476481E07310B9FE984CAC95508FED" class="trustbadgeStyleSheet" id="trustbadgeStyleSheettbAuthenticReviews"></head>
	<body><div id="tsbadgeResponsiveTop_db8d3657bdbe440c985ae127463eaad4" class="" style="display: none;"><div class="responsiveBadge_db8d3657bdbe440c985ae127463eaad4 responsive-badge_db8d3657bdbe440c985ae127463eaad4 responsive-badge_db8d3657bdbe440c985ae127463eaad4--authentic-reviews "><div class="responsive-badge_db8d3657bdbe440c985ae127463eaad4__review-block responsive-badge_db8d3657bdbe440c985ae127463eaad4__review-block--authentic-reviews responsive-badge_db8d3657bdbe440c985ae127463eaad4__review-block--reviews-only"><div class="responsiveBadgeBlockStars_db8d3657bdbe440c985ae127463eaad4 responsive-badge_db8d3657bdbe440c985ae127463eaad4__block-stars"><div class="responsiveBadgeBlockStarsStars_db8d3657bdbe440c985ae127463eaad4 responsiveBadgeBlockStarsStars_db8d3657bdbe440c985ae127463eaad4--authentic-reviews"><div class="ts-stars-wrapper"><div class="ts-stars-emptyBar" style="width:100%;"><i class="icon_db8d3657bdbe440c985ae127463eaad4-star-empty"></i><i class="icon_db8d3657bdbe440c985ae127463eaad4-star-empty"></i><i class="icon_db8d3657bdbe440c985ae127463eaad4-star-empty"></i><i class="icon_db8d3657bdbe440c985ae127463eaad4-star-empty"></i><i class="icon_db8d3657bdbe440c985ae127463eaad4-star-empty"></i></div><div class="ts-stars-fullBar" style="width:97.8%;"><i class="icon_db8d3657bdbe440c985ae127463eaad4-star-full"></i><i class="icon_db8d3657bdbe440c985ae127463eaad4-star-full"></i><i class="icon_db8d3657bdbe440c985ae127463eaad4-star-full"></i><i class="icon_db8d3657bdbe440c985ae127463eaad4-star-full"></i><i class="icon_db8d3657bdbe440c985ae127463eaad4-star-full"></i></div></div></div><div class="responsiveBadgeBlockStarsReviewCount_db8d3657bdbe440c985ae127463eaad4"><span>Sehr gut</span><div class="responsiveBadgeAverageRating_db8d3657bdbe440c985ae127463eaad4">4.89/5.00</div></div></div><div class="responsive-badge-review-block_db8d3657bdbe440c985ae127463eaad4__certified-text hide_db8d3657bdbe440c985ae127463eaad4">Zertifiziert seit 21.12.2017</div></div><div class="responsiveBadgeBlockClose_db8d3657bdbe440c985ae127463eaad4 responsiveBadgeBlockClose_db8d3657bdbe440c985ae127463eaad4--authentic-reviews">×</div><span class="trustCardC_db8d3657bdbe440c985ae127463eaad4"></span></div><div class="bottomSlantResponsiveBadge_db8d3657bdbe440c985ae127463eaad4 bottomSlantResponsiveBadge_db8d3657bdbe440c985ae127463eaad4--authentic-reviews"><div class="trustbadge-responsive-footer_db8d3657bdbe440c985ae127463eaad4"><div class="trustbadge-responsive-footer_db8d3657bdbe440c985ae127463eaad4__sub-text">Kundenbewertungen </div><div class="trustbadge-responsive-footer_db8d3657bdbe440c985ae127463eaad4__logo"><span class="icon_db8d3657bdbe440c985ae127463eaad4 icon_db8d3657bdbe440c985ae127463eaad4-e-logo trustbadge-custom-footer_db8d3657bdbe440c985ae127463eaad4__logo-icon" style="font-size:100%;"></span></div><svg width="100%" height="20" viewBox="0 0 10 5" preserveAspectRatio="none"><polygon fill="#ffffff" stroke-width="0" points="0,1.8 0,0 10,0 16,0"></polygon></svg></div></div><div class="triangleResponsiveBadge_db8d3657bdbe440c985ae127463eaad4 triangleResponsiveBadge_db8d3657bdbe440c985ae127463eaad4--authentic-reviews"></div></div><div id="MobileCoveringLayer_db8d3657bdbe440c985ae127463eaad4" style="display: none;"></div>	
		

		

					
		
		


		


		
		<div id="wrap_box" class="wrap_shop">
			<noscript>
				&lt;div class="noscript_notice"&gt;
					JavaScript ist in Ihrem Browser deaktiviert. Aktivieren Sie JavaScript, um alle Funktionen des Shops nutzen und alle Inhalte sehen zu können.
				&lt;/div&gt;
			</noscript>

			


<div id="top_navi">
	<div id="top_navi_inner">

		<ul>
			<li title="Startseite anzeigen" class="png-fix"><div title="Startseite anzeigen" class="top_navi_home png-fix">&nbsp;</div><a href="https://www.feinkost-aus-ungarn.de/index.php">&nbsp;&nbsp;&nbsp;&nbsp;</a></li>
							<li title="Kontakt" class="png-fix"><a href="https://www.feinkost-aus-ungarn.de/de/info/Kontakt.html" target="">Kontakt</a></li>
							<li title="weitere Vertriebskanäle" class="png-fix"><a href="https://www.feinkost-aus-ungarn.de/de/info/www-Feinkost-aus-Ungarn-de-auch-bei-ebay-und-Amazon-de.html" target="">weitere Vertriebskanäle</a></li>
							<li title="Facebook" class="png-fix"><a href="https://www.feinkost-aus-ungarn.de/de/info/Feinkost-aus-Ungarn-de-bei-Facebook-jetzt-Fan-werden-und-uns-Bewerten-.html" target="">Facebook</a></li>
							<li title="Job" class="png-fix"><a href="https://www.feinkost-aus-ungarn.de/de/info/Job.html" target="">Job</a></li>
							<li title="Wiederverkäufer" class="png-fix"><a href="https://www.feinkost-aus-ungarn.de/de/info/Wiederverkaeufer.html" target="">Wiederverkäufer</a></li>
							<li title="Ladengeschäft" class="png-fix"><a href="https://www.feinkost-aus-ungarn.de/de/info/www-Feinkost-aus-Ungarn-de-Ladengeschaeft-fuer-Ungarische-Spezialitaeten-und-Feinkost.html" target="">Ladengeschäft</a></li>
									
						
									<li title="Anmeldung" class="png-fix"><div class="top_navi_arrow png-fix">&nbsp;</div><a href="/#" class="pulldown_link" id="customer_login_link" rel="#customer_login">Kundenlogin&nbsp;&nbsp;&nbsp;&nbsp;&nbsp;</a></li>
												<li title="Merkzettel anzeigen" class="png-fix"><a href="https://www.feinkost-aus-ungarn.de/wish_list.php">Merkzettel</a></li>
						<li title="Warenkorb anzeigen" class="png-fix"><a href="https://www.feinkost-aus-ungarn.de/shopping_cart.php">Warenkorb</a></li>
		</ul>
	</div>
</div>
			<script type="text/javascript">parentsIds = [];</script><div id="megadropdown_box_id_6" class="megadropdown clearfix" style="display:none">
	<div class="megadropdown-shadow clearfix">
		<div class="megadropdown-inside clearfix">
			<ul>

									<li>
						<ul>
														<li><a id="megadropdown_8" href="https://www.feinkost-aus-ungarn.de/de/Chili-Trade/Ungarischer-Knoblauch/">Ungarischer Knoblauch</a></li>
													</ul>
					</li>
				
			</ul>
		</div>

	</div>
</div>
<script type="text/javascript">parentsIds = [];</script><script type="text/javascript">parentsIds = [];</script><script type="text/javascript">parentsIds = [];</script><script type="text/javascript">parentsIds = [];</script><script type="text/javascript">parentsIds = [];</script><script type="text/javascript">parentsIds = [];</script><script type="text/javascript">parentsIds = [];</script><div id="megadropdown_box_id_17" class="megadropdown clearfix" style="display:none">
	<div class="megadropdown-shadow clearfix">
		<div class="megadropdown-inside clearfix">
			<ul>

									<li>
						<ul>
														<li><a id="megadropdown_18" href="https://www.feinkost-aus-ungarn.de/de/Palinka/cornus-Palinka/">cornus Pálinka</a></li>
													</ul>
					</li>
				
			</ul>
		</div>

	</div>
</div>
<script type="text/javascript">parentsIds = [];</script><script type="text/javascript">parentsIds = [];</script><div id="megadropdown_box_id_7" class="megadropdown clearfix" style="display:none">
	<div class="megadropdown-shadow clearfix">
		<div class="megadropdown-inside clearfix">
			<ul>

									<li>
						<ul>
														<li><a id="megadropdown_13" href="https://www.feinkost-aus-ungarn.de/de/REX-Ciborum/ORSI-1982/">ORSI 1982</a></li>
													</ul>
					</li>
				
			</ul>
		</div>

	</div>
</div>
<script type="text/javascript">parentsIds = [];</script><div id="megadropdown_box_id_20" class="megadropdown clearfix" style="display:none">
	<div class="megadropdown-shadow clearfix">
		<div class="megadropdown-inside clearfix">
			<ul>

									<li>
						<ul>
														<li><a id="megadropdown_23" href="https://www.feinkost-aus-ungarn.de/de/Suesswaren/chocoMe/">chocoMe</a></li>
													</ul>
					</li>
				
			</ul>
		</div>

	</div>
</div>
<script type="text/javascript">parentsIds = [];</script><script type="text/javascript">parentsIds = [];</script><div id="megadropdown_box_id_12" class="megadropdown clearfix" style="display:none">
	<div class="megadropdown-shadow clearfix">
		<div class="megadropdown-inside clearfix">
			<ul>

									<li>
						<ul>
														<li><a id="megadropdown_22" href="https://www.feinkost-aus-ungarn.de/de/Teigwaren/M-Gabiteszta-Kft/">M-Gabitészta Kft.</a></li>
													</ul>
					</li>
				
			</ul>
		</div>

	</div>
</div>
<script type="text/javascript">parentsIds = [];</script><script type="text/javascript">parentsIds = [];</script><script type="text/javascript">parentsIds = [];</script><script type="text/javascript">parentsIds = [];</script><script type="text/javascript">parentsIds = [];</script><script type="text/javascript">parentsIds = [];</script><script type="text/javascript">parentsIds = [];</script><script type="text/javascript">parentsIds = [];</script><script type="text/javascript">parentsIds = [];</script><div id="megadropdown_box_id_24" class="megadropdown clearfix" style="display:none">
	<div class="megadropdown-shadow clearfix">
		<div class="megadropdown-inside clearfix">
			<ul>

									<li>
						<ul>
														<li><a id="megadropdown_25" href="https://www.feinkost-aus-ungarn.de/de/Sonstiges/Italienischer-Kaese/">Italienischer Käse</a></li>
														<li><a id="megadropdown_31" href="https://www.feinkost-aus-ungarn.de/de/Sonstiges/kaffee-chaqwa/">Kaffee- CHAQWA</a></li>
													</ul>
					</li>
				
			</ul>
		</div>

	</div>
</div>
<script type="text/javascript">parentsIds = [];</script>

			<div id="container">
				<div id="container_inner" class="clearfix">
					<div id="header">
						<div id="shop_logo"><a href="https://www.feinkost-aus-ungarn.de/index.php"><img width="980" height="285" src="https://www.feinkost-aus-ungarn.de/images/logos/banner_fau_2017_mai_neu_logo.jpg" alt="Feinkost-aus-Ungarn.de" title="Feinkost-aus-Ungarn.de"></a></div>					</div>

					
<div id="head_navi" class="gradient">
	<ul class="clearfix">
				<li class="megadropdown_top_link first">
			<h3>
				<a href="https://www.feinkost-aus-ungarn.de/de/aktions-angebote/" rel="28">Aktions-Angebote %</a>
			</h3>
		</li>
				<li id="megadropdown_top_link_id_6" class="megadropdown_top_link ">
			<h3>
				<a href="https://www.feinkost-aus-ungarn.de/de/Chili-Trade/" rel="6">Chili-Trade</a>
			</h3>
		</li>
				<li class="megadropdown_top_link ">
			<h3>
				<a href="https://www.feinkost-aus-ungarn.de/de/eingelegtes/" rel="27">Eingelegtes</a>
			</h3>
		</li>
				<li class="megadropdown_top_link ">
			<h3>
				<a href="https://www.feinkost-aus-ungarn.de/de/Feinkost-aus-Ungarn/" rel="26">Feinkost aus Ungarn®</a>
			</h3>
		</li>
				<li class="megadropdown_top_link ">
			<h3>
				<a href="https://www.feinkost-aus-ungarn.de/de/gutscheine/" rel="32">Gutscheine</a>
			</h3>
		</li>
				<li class="megadropdown_top_link ">
			<h3>
				<a href="https://www.feinkost-aus-ungarn.de/de/Gyulahus/" rel="2">Gyulahús</a>
			</h3>
		</li>
				<li class="megadropdown_top_link ">
			<h3>
				<a href="https://www.feinkost-aus-ungarn.de/de/haushaltswaren/" rel="29">Haushaltswaren</a>
			</h3>
		</li>
				<li class="megadropdown_top_link ">
			<h3>
				<a href="https://www.feinkost-aus-ungarn.de/de/Mangalica-Produkte/" rel="11">Mangalica Produkte</a>
			</h3>
		</li>
				<li id="megadropdown_top_link_id_17" class="megadropdown_top_link ">
			<h3>
				<a href="https://www.feinkost-aus-ungarn.de/de/Palinka/" rel="17">Pálinka</a>
			</h3>
		</li>
				<li class="megadropdown_top_link ">
			<h3>
				<a href="https://www.feinkost-aus-ungarn.de/de/Pick-Szeged-Zrt-/" rel="10">Pick Szeged Zrt.</a>
			</h3>
		</li>
				<li id="megadropdown_top_link_id_7" class="megadropdown_top_link ">
			<h3>
				<a href="https://www.feinkost-aus-ungarn.de/de/REX-Ciborum/" rel="7">REX Ciborum</a>
			</h3>
		</li>
				<li id="megadropdown_top_link_id_20" class="megadropdown_top_link ">
			<h3>
				<a href="https://www.feinkost-aus-ungarn.de/de/Suesswaren/" rel="20">Süßwaren</a>
			</h3>
		</li>
				<li class="megadropdown_top_link ">
			<h3>
				<a href="https://www.feinkost-aus-ungarn.de/de/Szaloncukor-Bonbonetti/" rel="4">Szaloncukor Bonbonetti</a>
			</h3>
		</li>
				<li id="megadropdown_top_link_id_12" class="megadropdown_top_link ">
			<h3>
				<a href="https://www.feinkost-aus-ungarn.de/de/Teigwaren/" rel="12">Teigwaren</a>
			</h3>
		</li>
				<li class="megadropdown_top_link ">
			<h3>
				<a href="https://www.feinkost-aus-ungarn.de/de/Tokajer-Essig/" rel="21">Tokajer Essig</a>
			</h3>
		</li>
				<li class="megadropdown_top_link ">
			<h3>
				<a href="https://www.feinkost-aus-ungarn.de/de/Pannon-Tokaji/" rel="19">Tokaji</a>
			</h3>
		</li>
				<li class="megadropdown_top_link ">
			<h3>
				<a href="https://www.feinkost-aus-ungarn.de/de/Traubisoda/" rel="16">Traubisoda</a>
			</h3>
		</li>
				<li class="megadropdown_top_link ">
			<h3>
				<a href="https://www.feinkost-aus-ungarn.de/de/wildspezialitaeten-aus-ungarn/" rel="30">Wildspezialitäten aus Ungarn</a>
			</h3>
		</li>
				<li class="megadropdown_top_link ">
			<h3>
				<a href="https://www.feinkost-aus-ungarn.de/de/ZWACK-Unicum/" rel="9">ZWACK Unicum</a>
			</h3>
		</li>
				<li class="megadropdown_top_link ">
			<h3>
				<a href="https://www.feinkost-aus-ungarn.de/de/Univer-Zrt/" rel="3">Univer Zrt.</a>
			</h3>
		</li>
				<li class="megadropdown_top_link ">
			<h3>
				<a href="https://www.feinkost-aus-ungarn.de/de/BIOMED-Kft-/" rel="14">BIOMED Kft.</a>
			</h3>
		</li>
				<li class="megadropdown_top_link ">
			<h3>
				<a href="https://www.feinkost-aus-ungarn.de/de/Kotanyi/" rel="15">Kotányi</a>
			</h3>
		</li>
				<li id="megadropdown_top_link_id_24" class="megadropdown_top_link last">
			<h3>
				<a href="https://www.feinkost-aus-ungarn.de/de/Sonstiges/" rel="24">Sonstiges</a>
			</h3>
		</li>
			</ul>
</div>
					

					<div id="head_toolbox">
						<div id="head_toolbox_inner">
							


<div id="search">
	<form action="advanced_search_result.php" method="get">
		<input type="text" name="keywords" value="Suche..." class="input-text box-input-field default_value" id="search_field" autocomplete="off">
		<a href="/#" class="button_blue button_set action_submit" title="Suche starten und Ergebnisse anzeigen"><span class="button-outer"><span class="button-inner">Go</span></span></a>
	</form>
</div>

							<div id="breadcrumb_navi" itemscope="" itemtype="http://schema.org/BreadcrumbList"><span itemprop="itemListElement" itemscope="" itemtype="http://schema.org/ListItem">
												<a href="https://www.feinkost-aus-ungarn.de/index.php" class="headerNavigation" itemprop="item">
													<span itemprop="name">Startseite</span>
												</a>
												<meta itemprop="position" content="1">
											</span></div>

							

<div id="head_shopping_cart" title="Klicken, um Warenkorb-Inhalt anzuzeigen">
	<div id="head_shopping_cart_inner">
		<table cellspacing="0" cellpadding="0" border="0" style="width:100%">
			<tbody>
				<tr>
					<td>
						<img src="templates/EyeCandy/img/icons/icon-grey-basket-big.png" style="border:none; margin-bottom:3px" alt="">
					</td>
					<td>
						<span class="shopping-cart-headline">Ihr Warenkorb</span><br>
						<span class="shopping-cart-product-count">
							keine Produkte																				</span>
					</td>
					<td>
						<img src="templates/EyeCandy/img/icons/icon-grey-arrowdown.png" style="border:none; margin-bottom:3px" alt="">
					</td>
				</tr>
			</tbody>
		</table>
	</div>
</div>

						</div>
					</div>		

					<div id="main" class="clearfix">
												<div id="main_inside">
							
							


<div class="first_page_content">
www.Feinkost-aus-Ungarn.de ® | Import-Vertrieb und Grosshandel von Ungarischen Erzeugnissen
		
<br>
<!-- 2b9g6 -->
<h1 style="color: rgb(0, 128, 0); font-weight: bold;">Ihre Adresse für ungarische Feinkost-Spezialitäten!</h1>

<h3>Sie finden uns südlich von Stuttgart nahe Freiburg - Gemeinde <strong>Teningen</strong></h3>

<p>
	<strong>Wenn Sie ungarische Spezialitäten lieben oder kennenlernen möchten, kommen Sie bei uns voll auf Ihre Kosten. In unserem Onlineshop präsentieren wir Ihnen eine reichhaltige Auswahl an landestypischen Delikatessen sowie zahlreiche NATURSTAR<sup>®</sup> Heilprodukte und heilpflanzliche Cremes von BIOMED<sup>®</sup>. Kaufen Sie original Spezialitäten aus Ungarn zum günstigen Preis. Besuchen Sie auch unser Feinkost-Ladengeschäft in Teningen, südlich von Stuttgart nahe Freiburg!</strong>
</p>

<p style="font-size: 16px; font-weight: bold;">
	<span style="font-size:11px;">Telefonische Anfrage<br>
	Sollten Sie telefonisch mit uns in Kontakt treten wollen, dann wählen Sie bitte folgende Rufnummer für Fragen zum Onlineshop (Bestellaufgabe, Lieferstatus, Benutzerkonto etc.):</span><br>
	<span style="color:#FF0000;"><span style="font-size: 24px;">HOTLINE (+49) 07641-9626690<br>
	<img alt="" src="images/facebook-img.png" style="width: 80px; height: 80px;"></span><span style="font-size:18px;">+49 (0)152-32057161</span></span><br>
	<strong><span style="font-size:11px;">(Anruf in das deutsche Festnetz, Kosten variieren je nach Anbieter).</span></strong><br>
	<span style="color:#FF0000;">Wir sind für Sie da - 8:00-20:00 UHR !</span>
</p>

<h2>Genießen Sie ungarische Salami und viele andere Spezialitäten!</h2>

<p>
	In unserem Online-Shop erhalten Sie köstliche original ungarische Spezialitäten, mit denen Sie den herzhaften Genuss und den charakteristischen Geschmack der Küche Ungarns erleben. Sollten Sie diese Gaumenfreude noch nicht genossen haben, müssen Sie unbedingt original ungarische Salami probieren. Seit dem Jahr 1869 stellt die PICK Szeged Rt. in Szegedin die traditionelle Dauerwurst her. <a style="text-decoration: underline;" href="https://www.feinkost-aus-ungarn.de/de/Pick-Szeged-Zrt-/" title="pick salami">PICK Salami</a> ist ein weltbekanntes kulinarisches Schmankerl, das Sie sich nicht entgehen lassen dürfen. Wer einmal auf den Geschmack gekommen ist, wird immer wieder gerne zugreifen.
</p>

<div class="send_button">
	<a class="button_blue_big button_set_big" href="https://www.feinkost-aus-ungarn.de/de/info/www-Feinkost-aus-Ungarn-de-Ladengeschaeft-fuer-Ungarische-Spezialitaeten-und-Feinkost.html"><span class="button-outer"><span class="button-inner">Besuchen Sie unser Ladengeschäft in Teningen »</span></span></a>
</div>

<p>
	Neben tollen Gewürzen von Kótanyi, hochwertigen Teigwaren von Gyermelyi, pikanten Wurstspezialitäten von Gyulahús und anderen ausgewählter Feinkost darf natürlich auch das Nationalgetränk der Ungarn nicht fehlen: der einzigartige <a style="text-decoration: underline;" href="https://www.feinkost-aus-ungarn.de/de/ZWACK-Unicum/" title="zwack unicum kräuterlikör">ZWACK UNICUM Kräuterlikör</a>, für dessen Herstellung mehr als 40 Heilkräuter verwendet werden. Lassen Sie sich diesen Kulttrunk und viele weitere Leckerbissen munden! Wir bieten Ihnen kulinarische Köstlichkeiten in großer Vielfalt an:
</p>

<ul>
	<li>Würstchen, Grieben und Bauchspeck vom Mangalitza Schwein</li>
	<li>Gänseleber-Pasteten in unterschiedlichen Varianten von REX-CIBORUM</li>
	<li>Paprika-Paste, weitere Gewürze</li>
	<li>und vieles mehr.</li>
</ul>

<p>
	Möchten Sie Ihre Speisen geschmacksintensiv verfeinern oder Gulasch und andere Gerichte mit markanter ungarischer Note zubereiten, bekommen Sie bei uns ebenso die bekannten Würzpasten <a style="text-decoration: underline;" href="https://www.feinkost-aus-ungarn.de/de/Univer-Zrt/" title="erös pista">Erös Pista</a> (scharf), Èdes Anna (mild) und Piros Arany in unterschiedlichen Schärfegraden. <a style="text-decoration: underline;" href="https://www.feinkost-aus-ungarn.de/de/info/Die-Geschichte-des-Ungarischen-Paprika.html" title="ungarisches paprikapulver">Ungarisches Paprikapulver</a> sorgt beim Kochen für ein herrlich pikantes Aroma.
</p>
<!-- /2b9g6 -->
</div>






	<h3>Unsere Empfehlungen</h3>
	<div class="article-list cols clearfix">
	
		
	
		<div class="article-list-item">
			<div class="article-list-item-inside">
				<div class="article-list-item-image">
									<span id="new_products_228" class="flyover_item"><a href="https://www.feinkost-aus-ungarn.de/de/Teigwaren/M-Gabiteszta-Kft/M-Gabiteszta-Hosszu-cernametelt-Fadennudeln-mit-8-Eier-250g.html"><img src="images/product_images/thumbnail_images/M_Gabi_teszta_Hosszú_250g.png" alt="M-Gabitészta | Hosszú cérnametélt | Fadennudeln mit 8 Eier 250g" title="M-Gabitészta | Hosszú cérnametélt | Fadennudeln mit 8 Eier 250g"></a></span>
								</div>
				<div class="article-list-item-text">
					<p class="title"><a href="https://www.feinkost-aus-ungarn.de/de/Teigwaren/M-Gabiteszta-Kft/M-Gabiteszta-Hosszu-cernametelt-Fadennudeln-mit-8-Eier-250g.html" title="M-Gabitészta | Hosszú cérnametélt | Fadennudeln mit 8 Eier 250g">M-Gabitészta | Hosszú cérnametélt |...</a></p>
					<div class="article-list-item-price">
						<div class="article-list-item-price-inline">

							<span class="price"><a href="https://www.feinkost-aus-ungarn.de/de/Teigwaren/M-Gabiteszta-Kft/M-Gabiteszta-Hosszu-cernametelt-Fadennudeln-mit-8-Eier-250g.html"> 3,99 EUR</a></span>
															<br>
								
																						<span class="small"> 15,96 EUR pro Kg<br></span>
													</div>
					</div>
				</div>
			</div>
		</div>

		
	
		<div class="article-list-item">
			<div class="article-list-item-inside">
				<div class="article-list-item-image">
									<span id="new_products_209" class="flyover_item"><a href="https://www.feinkost-aus-ungarn.de/de/Palinka/Fuetyueloes-Mezes-Malna-alk-30-0-5L.html"><img src="images/product_images/thumbnail_images/futyulos_raspberrywithhoney_2015_fau.jpg" alt="Fütyülös Mezes Malna alk: 30% 0,5L" title="Fütyülös Mezes Malna alk: 30% 0,5L"></a></span>
								</div>
				<div class="article-list-item-text">
					<p class="title"><a href="https://www.feinkost-aus-ungarn.de/de/Palinka/Fuetyueloes-Mezes-Malna-alk-30-0-5L.html" title="Die etwas mildere süsslichere Variante, leckere Himbeerschnaps, Fütyülös...">Fütyülös Mezes Malna alk: 30% 0,5L</a></p>
					<div class="article-list-item-price">
						<div class="article-list-item-price-inline">

							<span class="price"><a href="https://www.feinkost-aus-ungarn.de/de/Palinka/Fuetyueloes-Mezes-Malna-alk-30-0-5L.html"> 15,79 EUR</a></span>
															<br>
								
																						<span class="small"> 31,58 EUR pro liter<br></span>
													</div>
					</div>
				</div>
			</div>
		</div>

		
	
		<div class="article-list-item">
			<div class="article-list-item-inside">
				<div class="article-list-item-image">
									<span id="new_products_208" class="flyover_item"><a href="https://www.feinkost-aus-ungarn.de/de/Palinka/Fuetyueloes-Mezes-Bodaza-alk-30-0-5L-Zwack.html"><img src="images/product_images/thumbnail_images/futyulos_elderberrywithhoney_2015_fau.jpg" alt="Fütyülös Mezes Bodaza alk: 30% 0,5L | Zwack" title="Fütyülös Mezes Bodaza alk: 30% 0,5L | Zwack"></a></span>
								</div>
				<div class="article-list-item-text">
					<p class="title"><a href="https://www.feinkost-aus-ungarn.de/de/Palinka/Fuetyueloes-Mezes-Bodaza-alk-30-0-5L-Zwack.html" title="Fütyülös Mézés Bodaza, Holunderschnaps mit Honig Hergestellt aus...">Fütyülös Mezes Bodaza alk: 30% 0,5L |...</a></p>
					<div class="article-list-item-price">
						<div class="article-list-item-price-inline">

							<span class="price"><a href="https://www.feinkost-aus-ungarn.de/de/Palinka/Fuetyueloes-Mezes-Bodaza-alk-30-0-5L-Zwack.html"> 15,59 EUR</a></span>
															<br>
								
																						<span class="small"> 31,18 EUR pro liter<br></span>
													</div>
					</div>
				</div>
			</div>
		</div>

		
	
		<div class="article-list-item">
			<div class="article-list-item-inside">
				<div class="article-list-item-image">
									<span id="new_products_205" class="flyover_item"><a href="https://www.feinkost-aus-ungarn.de/de/Kotanyi/KOTANYI-Apfelstrudel-Gew-Zub-Dose-400g.html"><img src="images/product_images/thumbnail_images/739701_apfelstrude.jpg" alt="KOTÁNYI Apfelstrudel Gew.Zub. - Dose 400 ccm" title="KOTÁNYI Apfelstrudel Gew.Zub. - Dose 400 ccm"></a></span>
								</div>
				<div class="article-list-item-text">
					<p class="title"><a href="https://www.feinkost-aus-ungarn.de/de/Kotanyi/KOTANYI-Apfelstrudel-Gew-Zub-Dose-400g.html" title="Apfelstrudel Gewürzzubereitung | KOTÁNYI Apfelstrudel Gew.Zub. - Dose 400 ccm">KOTÁNYI Apfelstrudel Gew.Zub. - Dose...</a></p>
					<div class="article-list-item-price">
						<div class="article-list-item-price-inline">

							<span class="price"><a href="https://www.feinkost-aus-ungarn.de/de/Kotanyi/KOTANYI-Apfelstrudel-Gew-Zub-Dose-400g.html"> 5,49 EUR</a></span>
															<br>
								
																						<span class="small"> 13,73 EUR pro g<br></span>
													</div>
					</div>
				</div>
			</div>
		</div>

		
	
		<div class="article-list-item">
			<div class="article-list-item-inside">
				<div class="article-list-item-image">
									<span id="new_products_204" class="flyover_item"><a href="https://www.feinkost-aus-ungarn.de/de/Kotanyi/KOTANYI-Bio-Apfel-Balsamessig-AT-BIO-902-Flasche-0-5-l.html"><img src="images/product_images/thumbnail_images/610401_apfelessig.jpg" alt="KOTÁNYI Bio Apfel Balsamessig AT-BIO-902 - Flasche 0,5 l" title="KOTÁNYI Bio Apfel Balsamessig AT-BIO-902 - Flasche 0,5 l"></a></span>
								</div>
				<div class="article-list-item-text">
					<p class="title"><a href="https://www.feinkost-aus-ungarn.de/de/Kotanyi/KOTANYI-Bio-Apfel-Balsamessig-AT-BIO-902-Flasche-0-5-l.html" title="KOTÁNYI Bio Apfel Balsamessig AT-BIO-902 - Flasche 0,5 l">KOTÁNYI Bio Apfel Balsamessig...</a></p>
					<div class="article-list-item-price">
						<div class="article-list-item-price-inline">

							<span class="price"><a href="https://www.feinkost-aus-ungarn.de/de/Kotanyi/KOTANYI-Bio-Apfel-Balsamessig-AT-BIO-902-Flasche-0-5-l.html"> 9,99 EUR</a></span>
															<br>
								
																						<span class="small"> 19,98 EUR pro liter<br></span>
													</div>
					</div>
				</div>
			</div>
		</div>

		
	
		<div class="article-list-item">
			<div class="article-list-item-inside">
				<div class="article-list-item-image">
									<span id="new_products_202" class="flyover_item"><a href="https://www.feinkost-aus-ungarn.de/de/Pick-Szeged-Zrt-/PICK-Mangalica-paroskolbasz-200g.html"><img src="images/product_images/thumbnail_images/15739pickmangalicaungar.kolbaszpaare200g.jpg" alt="PICK | Mangalica pároskolbász 200g" title="PICK | Mangalica pároskolbász 200g"></a></span>
								</div>
				<div class="article-list-item-text">
					<p class="title"><a href="https://www.feinkost-aus-ungarn.de/de/Pick-Szeged-Zrt-/PICK-Mangalica-paroskolbasz-200g.html" title="pick mangalica
PICK | Mangalica pároskolbász 200g | PICK Mangalica Ungar....">PICK | Mangalica pároskolbász 200g</a></p>
					<div class="article-list-item-price">
						<div class="article-list-item-price-inline">

							<span class="price"><a href="https://www.feinkost-aus-ungarn.de/de/Pick-Szeged-Zrt-/PICK-Mangalica-paroskolbasz-200g.html"> 6,19 EUR</a></span>
															<br>
								
																						<span class="small"> 30,95 EUR pro Kg<br></span>
													</div>
					</div>
				</div>
			</div>
		</div>

		
	
		<div class="article-list-item">
			<div class="article-list-item-inside">
				<div class="article-list-item-image">
									<span id="new_products_201" class="flyover_item"><a href="https://www.feinkost-aus-ungarn.de/de/Kotanyi/KOTANYI-Pfeffermuehle-wiederbefuellbar-40g.html"><img src="images/product_images/thumbnail_images/9001414023075.png" alt="KOTÁNYI Pfeffermühle wiederbefüllbar 40g" title="KOTÁNYI Pfeffermühle wiederbefüllbar 40g"></a></span>
								</div>
				<div class="article-list-item-text">
					<p class="title"><a href="https://www.feinkost-aus-ungarn.de/de/Kotanyi/KOTANYI-Pfeffermuehle-wiederbefuellbar-40g.html" title="KOTÁNYI Pfeffermühle wiederbefüllbar 40g">KOTÁNYI Pfeffermühle wiederbefüllbar 40g</a></p>
					<div class="article-list-item-price">
						<div class="article-list-item-price-inline">

							<span class="price"><a href="https://www.feinkost-aus-ungarn.de/de/Kotanyi/KOTANYI-Pfeffermuehle-wiederbefuellbar-40g.html"> 12,99 EUR</a></span>
															<br>
								
																						<span class="small"> 12,99 EUR pro stück<br></span>
													</div>
					</div>
				</div>
			</div>
		</div>

		
	
		<div class="article-list-item">
			<div class="article-list-item-inside">
				<div class="article-list-item-image">
									<span id="new_products_200" class="flyover_item"><a href="https://www.feinkost-aus-ungarn.de/de/Pick-Szeged-Zrt-/Ungarische-Salami-PICK-ungarische-Salami-Mittelstange-ca-800g.html"><img src="images/product_images/thumbnail_images/pick_aufgeschnitten_4stk_200_0.jpg" alt="Ungarische Salami PICK Orig. ung. Salami Mittelstange ca.800g" title="Ungarische Salami PICK Orig. ung. Salami Mittelstange ca.800g"></a></span>
								</div>
				<div class="article-list-item-text">
					<p class="title"><a href="https://www.feinkost-aus-ungarn.de/de/Pick-Szeged-Zrt-/Ungarische-Salami-PICK-ungarische-Salami-Mittelstange-ca-800g.html" title="Ungarische Salami PICK Orig. ung. Salami Mittelstange ca.800g">Ungarische Salami PICK Orig. ung....</a></p>
					<div class="article-list-item-price">
						<div class="article-list-item-price-inline">

							<span class="price"><a href="https://www.feinkost-aus-ungarn.de/de/Pick-Szeged-Zrt-/Ungarische-Salami-PICK-ungarische-Salami-Mittelstange-ca-800g.html"> 18,99 EUR</a></span>
															<br>
								
																						<span class="small"> 23,74 EUR pro Kg<br></span>
													</div>
					</div>
				</div>
			</div>
		</div>

		
	
		<div class="article-list-item">
			<div class="article-list-item-inside">
				<div class="article-list-item-image">
									<span id="new_products_199" class="flyover_item"><a href="https://www.feinkost-aus-ungarn.de/de/Univer-Zrt/Univer-Zwiebelcreme-160g-Tube.html"><img src="images/product_images/thumbnail_images/voroshagymakrem-160g-tubus.jpg" alt="Univer | Zwiebelcreme 160g Tube" title="Univer | Zwiebelcreme 160g Tube"></a></span>
								</div>
				<div class="article-list-item-text">
					<p class="title"><a href="https://www.feinkost-aus-ungarn.de/de/Univer-Zrt/Univer-Zwiebelcreme-160g-Tube.html" title="Univer | Zwiebelcreme 160g Tube | UNIVER Vöröshagymakrém 160g">Univer | Zwiebelcreme 160g Tube</a></p>
					<div class="article-list-item-price">
						<div class="article-list-item-price-inline">

							<span class="price"><a href="https://www.feinkost-aus-ungarn.de/de/Univer-Zrt/Univer-Zwiebelcreme-160g-Tube.html"> 2,09 EUR</a></span>
															<br>
								
																						<span class="small"> 13,06 EUR pro Kg<br></span>
													</div>
					</div>
				</div>
			</div>
		</div>

		
	
		<div class="article-list-item">
			<div class="article-list-item-inside">
				<div class="article-list-item-image">
									<span id="new_products_198" class="flyover_item"><a href="https://www.feinkost-aus-ungarn.de/de/Teigwaren/M-Gabiteszta-Kft/M-Gabiteszta-Nagy-kezi-csiga-Schnecken-mit-8-Eier-250g.html"><img src="images/product_images/thumbnail_images/gabi_testa_nudeln.jpg" alt="M-Gabitészta | Nagy kézi csiga | Schnecken mit 8 Eier 250g" title="M-Gabitészta | Nagy kézi csiga | Schnecken mit 8 Eier 250g"></a></span>
								</div>
				<div class="article-list-item-text">
					<p class="title"><a href="https://www.feinkost-aus-ungarn.de/de/Teigwaren/M-Gabiteszta-Kft/M-Gabiteszta-Nagy-kezi-csiga-Schnecken-mit-8-Eier-250g.html" title="M-Gabitészta | Nagy kézi csiga | Schnecken mit 8 Eier 250g">M-Gabitészta | Nagy kézi csiga |...</a></p>
					<div class="article-list-item-price">
						<div class="article-list-item-price-inline">

							<span class="price"><a href="https://www.feinkost-aus-ungarn.de/de/Teigwaren/M-Gabiteszta-Kft/M-Gabiteszta-Nagy-kezi-csiga-Schnecken-mit-8-Eier-250g.html"> 3,99 EUR</a></span>
															<br>
								
																						<span class="small"> 15,96 EUR pro Kg<br></span>
													</div>
					</div>
				</div>
			</div>
		</div>

		
	
		<div class="article-list-item">
			<div class="article-list-item-inside">
				<div class="article-list-item-image">
									<span id="new_products_196" class="flyover_item"><a href="https://www.feinkost-aus-ungarn.de/de/Kotanyi/Kotanyi-Muehle-grob-fein-Orangenpfeffer-40g.html"><img src="images/product_images/thumbnail_images/csm_410201_5_orangenpfeffer_291_2c77a9fcb4.png" alt="Kotanyi Mühle grob/fein Orangenpfeffer 40g" title="Kotanyi Mühle grob/fein Orangenpfeffer 40g"></a></span>
								</div>
				<div class="article-list-item-text">
					<p class="title"><a href="https://www.feinkost-aus-ungarn.de/de/Kotanyi/Kotanyi-Muehle-grob-fein-Orangenpfeffer-40g.html" title="Kotanyi Mühle grob/fein Orangenpfeffer 40g | Der frische Duft reifer Orangen...">Kotanyi Mühle grob/fein...</a></p>
					<div class="article-list-item-price">
						<div class="article-list-item-price-inline">

							<span class="price"><a href="https://www.feinkost-aus-ungarn.de/de/Kotanyi/Kotanyi-Muehle-grob-fein-Orangenpfeffer-40g.html"> 2,99 EUR</a></span>
															<br>
								
																						<span class="small"> 74,75 EUR pro Kg<br></span>
													</div>
					</div>
				</div>
			</div>
		</div>

		
	
		<div class="article-list-item">
			<div class="article-list-item-inside">
				<div class="article-list-item-image">
									<span id="new_products_195" class="flyover_item"><a href="https://www.feinkost-aus-ungarn.de/de/Theisser-Fischsuppe-400g.html"><img src="images/product_images/thumbnail_images/theisser_fischsuppe.jpg" alt="Theisser Fischsuppe 400g" title="Theisser Fischsuppe 400g"></a></span>
								</div>
				<div class="article-list-item-text">
					<p class="title"><a href="https://www.feinkost-aus-ungarn.de/de/Theisser-Fischsuppe-400g.html" title="Theisser Fischsuppe 400g | Theisser Fischsuppe oder auf ungarisch &quot;Tiszai...">Theisser Fischsuppe 400g</a></p>
					<div class="article-list-item-price">
						<div class="article-list-item-price-inline">

							<span class="price"><a href="https://www.feinkost-aus-ungarn.de/de/Theisser-Fischsuppe-400g.html"> 4,29 EUR</a></span>
															<br>
								
																						<span class="small"> 10,73 EUR pro Kg<br></span>
													</div>
					</div>
				</div>
			</div>
		</div>

		
	
		<div class="article-list-item">
			<div class="article-list-item-inside">
				<div class="article-list-item-image">
									<span id="new_products_194" class="flyover_item"><a href="https://www.feinkost-aus-ungarn.de/de/Tokajer-Essig/Tokajer-Balsamessig-TROCKENBEERENAUSLESE-250ml.html"><img src="images/product_images/thumbnail_images/trocken_web.jpg" alt="Tokajer Balsamessig TROCKENBEERENAUSLESE 250ml" title="Tokajer Balsamessig TROCKENBEERENAUSLESE 250ml"></a></span>
								</div>
				<div class="article-list-item-text">
					<p class="title"><a href="https://www.feinkost-aus-ungarn.de/de/Tokajer-Essig/Tokajer-Balsamessig-TROCKENBEERENAUSLESE-250ml.html" title="Tokajer Balsamessig TROCKENBEERENAUSLESE 250ml">Tokajer Balsamessig...</a></p>
					<div class="article-list-item-price">
						<div class="article-list-item-price-inline">

							<span class="price"><a href="https://www.feinkost-aus-ungarn.de/de/Tokajer-Essig/Tokajer-Balsamessig-TROCKENBEERENAUSLESE-250ml.html"> 15,99 EUR</a></span>
															<br>
								
																						<span class="small"> 63,96 EUR pro liter<br></span>
													</div>
					</div>
				</div>
			</div>
		</div>

		
	
		<div class="article-list-item">
			<div class="article-list-item-inside">
				<div class="article-list-item-image">
									<span id="new_products_210" class="flyover_item"><a href="https://www.feinkost-aus-ungarn.de/de/Gyulahus/Gyuali-Ungarische-Salami-Pokol-szalami-scharf-350g.html"><img src="images/product_images/thumbnail_images/pokol-szal_ami-350g_bit-110x300.png" alt="Gyuali Ungarische Salami | Pokol szalami scharf 350g" title="Gyuali Ungarische Salami | Pokol szalami scharf 350g"></a></span>
								</div>
				<div class="article-list-item-text">
					<p class="title"><a href="https://www.feinkost-aus-ungarn.de/de/Gyulahus/Gyuali-Ungarische-Salami-Pokol-szalami-scharf-350g.html" title="Ungarische Salami | Pokol szalami scharf - im Netz">Gyuali Ungarische Salami | Pokol...</a></p>
					<div class="article-list-item-price">
						<div class="article-list-item-price-inline">

							<span class="price"><a href="https://www.feinkost-aus-ungarn.de/de/Gyulahus/Gyuali-Ungarische-Salami-Pokol-szalami-scharf-350g.html"> 7,99 EUR</a></span>
															<br>
								
																						<span class="small"> 22,83 EUR pro Kg<br></span>
													</div>
					</div>
				</div>
			</div>
		</div>

		
	
		<div class="article-list-item">
			<div class="article-list-item-inside">
				<div class="article-list-item-image">
									<span id="new_products_211" class="flyover_item"><a href="https://www.feinkost-aus-ungarn.de/de/Ungarn-Paket-STARTER-Geniessen-Sie-ein-stueck-Ungarn.html"><img src="images/product_images/thumbnail_images/Geschenkpaket_UNgarn_feinkost_aus_ungarn.jpg" alt="Ungarn Paket &quot;STARTER&quot;  Genießen Sie ein stück Ungarn" title="Ungarn Paket &quot;STARTER&quot;  Genießen Sie ein stück Ungarn"></a></span>
								</div>
				<div class="article-list-item-text">
					<p class="title"><a href="https://www.feinkost-aus-ungarn.de/de/Ungarn-Paket-STARTER-Geniessen-Sie-ein-stueck-Ungarn.html" title="Ungarn Paket &quot;STARTER&quot;  Genießen Sie ein stück Ungarn | Tauchen Sie ein in...">Ungarn Paket "STARTER"...</a></p>
					<div class="article-list-item-price">
						<div class="article-list-item-price-inline">

							<span class="price"><a href="https://www.feinkost-aus-ungarn.de/de/Ungarn-Paket-STARTER-Geniessen-Sie-ein-stueck-Ungarn.html"> 24,99 EUR</a></span>
															<br>
								
																						<span class="small"> 24,99 EUR pro stück<br></span>
													</div>
					</div>
				</div>
			</div>
		</div>

		
	
		<div class="article-list-item">
			<div class="article-list-item-inside">
				<div class="article-list-item-image">
									<span id="new_products_227" class="flyover_item"><a href="https://www.feinkost-aus-ungarn.de/de/Chili-Trade/Ungarisches-Kuechen-SET-2x-Holzloeffel-1x-tischdecke-Chili-Trade-Geschenkpack.html"><img src="images/product_images/thumbnail_images/tischdecken_set_ungarisch.jpg" alt="Ungarisches Küchen SET | 2x Holzlöffel 1x Tischläufer Chili-Trade | Geschenkpack" title="Ungarisches Küchen SET | 2x Holzlöffel 1x Tischläufer Chili-Trade | Geschenkpack"></a></span>
								</div>
				<div class="article-list-item-text">
					<p class="title"><a href="https://www.feinkost-aus-ungarn.de/de/Chili-Trade/Ungarisches-Kuechen-SET-2x-Holzloeffel-1x-tischdecke-Chili-Trade-Geschenkpack.html" title="Ungarisches Küchen SET | 2x Holzlöffel 1x tischdecke Chili-Trade | Geschenkpack">Ungarisches Küchen SET | 2x...</a></p>
					<div class="article-list-item-price">
						<div class="article-list-item-price-inline">

							<span class="price"><a href="https://www.feinkost-aus-ungarn.de/de/Chili-Trade/Ungarisches-Kuechen-SET-2x-Holzloeffel-1x-tischdecke-Chili-Trade-Geschenkpack.html"> 14,99 EUR</a></span>
															<br>
								
																						<span class="small"> 14,99 EUR pro stück<br></span>
													</div>
					</div>
				</div>
			</div>
		</div>

		
	
		<div class="article-list-item">
			<div class="article-list-item-inside">
				<div class="article-list-item-image">
									<span id="new_products_226" class="flyover_item"><a href="https://www.feinkost-aus-ungarn.de/de/Chili-Trade/CHILI-TRADE-Paprikapulver-im-Leinensack-mit-Holzloeffel-mild-100g.html"><img src="images/product_images/thumbnail_images/holzloeffel_paprika_mild.jpg" alt="CHILI TRADE | Paprikapulver im Leinensack mit Holzlöffel mild 100g" title="CHILI TRADE | Paprikapulver im Leinensack mit Holzlöffel mild 100g"></a></span>
								</div>
				<div class="article-list-item-text">
					<p class="title"><a href="https://www.feinkost-aus-ungarn.de/de/Chili-Trade/CHILI-TRADE-Paprikapulver-im-Leinensack-mit-Holzloeffel-mild-100g.html" title="CHILI TRADE | Paprikapulver im Leinensack mit Holzlöffel mild 100g |...">CHILI TRADE | Paprikapulver im...</a></p>
					<div class="article-list-item-price">
						<div class="article-list-item-price-inline">

							<span class="price"><a href="https://www.feinkost-aus-ungarn.de/de/Chili-Trade/CHILI-TRADE-Paprikapulver-im-Leinensack-mit-Holzloeffel-mild-100g.html"> 3,99 EUR</a></span>
															<br>
								
																						<span class="small"> 39,90 EUR pro Kg<br></span>
													</div>
					</div>
				</div>
			</div>
		</div>

		
	
		<div class="article-list-item">
			<div class="article-list-item-inside">
				<div class="article-list-item-image">
									<span id="new_products_225" class="flyover_item"><a href="https://www.feinkost-aus-ungarn.de/de/Sonstiges/Dr-Oetker-Expressz-Elesztoe-Kemences-pogacsa-32g.html"><img src="images/product_images/thumbnail_images/dr-oetker-expressz-elesztojpg.jpg" alt="Dr. Oetker Expressz Élesztö  | Kemencés pogácsa 32g" title="Dr. Oetker Expressz Élesztö  | Kemencés pogácsa 32g"></a></span>
								</div>
				<div class="article-list-item-text">
					<p class="title"><a href="https://www.feinkost-aus-ungarn.de/de/Sonstiges/Dr-Oetker-Expressz-Elesztoe-Kemences-pogacsa-32g.html" title="Dr. Oetker Expressz Élesztö  | Kemencés pogácsa 32g">Dr. Oetker Expressz Élesztö  |...</a></p>
					<div class="article-list-item-price">
						<div class="article-list-item-price-inline">

							<span class="price"><a href="https://www.feinkost-aus-ungarn.de/de/Sonstiges/Dr-Oetker-Expressz-Elesztoe-Kemences-pogacsa-32g.html"> 1,99 EUR</a></span>
															<br>
								
																						<span class="small"> 0,06 EUR pro g<br></span>
													</div>
					</div>
				</div>
			</div>
		</div>

		
	
		<div class="article-list-item">
			<div class="article-list-item-inside">
				<div class="article-list-item-image">
									<span id="new_products_224" class="flyover_item"><a href="https://www.feinkost-aus-ungarn.de/de/Gyulahus/GYULAER-HAUSMACHER-PAPRIKA-SALAMI-Kezmuves-kolbasz-ca-650g.html"><img src="images/product_images/thumbnail_images/k_ozmeveskolbterm_okfot_a.jpg" alt="GYULAER HAUSMACHER PAPRIKA SALAMI | Kézműves kolbasz" title="GYULAER HAUSMACHER PAPRIKA SALAMI | Kézműves kolbasz"></a></span>
								</div>
				<div class="article-list-item-text">
					<p class="title"><a href="https://www.feinkost-aus-ungarn.de/de/Gyulahus/GYULAER-HAUSMACHER-PAPRIKA-SALAMI-Kezmuves-kolbasz-ca-650g.html" title="GYULAER HAUSMACHER PAPRIKA SALAMI | Kézműves kolbasz ca.650g">GYULAER HAUSMACHER PAPRIKA SALAMI |...</a></p>
					<div class="article-list-item-price">
						<div class="article-list-item-price-inline">

							<span class="price"><a href="https://www.feinkost-aus-ungarn.de/de/Gyulahus/GYULAER-HAUSMACHER-PAPRIKA-SALAMI-Kezmuves-kolbasz-ca-650g.html"> 17,39 EUR</a></span>
															<br>
								
																						<span class="small"> 28,98 EUR pro Kg<br></span>
													</div>
					</div>
				</div>
			</div>
		</div>

		
	
		<div class="article-list-item">
			<div class="article-list-item-inside">
				<div class="article-list-item-image">
									<span id="new_products_223" class="flyover_item"><a href="https://www.feinkost-aus-ungarn.de/de/Szaloncukor-Bonbonetti/Bonbonetti-Drazs-70g-Duna-Kavics.html"><img src="images/product_images/thumbnail_images/dunakavics-70g.jpg" alt="Bonbonetti Drazsé 70g | Duna Kavics" title="Bonbonetti Drazsé 70g | Duna Kavics"></a></span>
								</div>
				<div class="article-list-item-text">
					<p class="title"><a href="https://www.feinkost-aus-ungarn.de/de/Szaloncukor-Bonbonetti/Bonbonetti-Drazs-70g-Duna-Kavics.html" title="Bonbonetti Drazsé 70g | Duna Kavics">Bonbonetti Drazsé 70g | Duna Kavics</a></p>
					<div class="article-list-item-price">
						<div class="article-list-item-price-inline">

							<span class="price"><a href="https://www.feinkost-aus-ungarn.de/de/Szaloncukor-Bonbonetti/Bonbonetti-Drazs-70g-Duna-Kavics.html"> Nur  1,89 EUR</a></span>
															<br>
								
																						<span class="small"> 27,00 EUR pro Kg<br></span>
													</div>
					</div>
				</div>
			</div>
		</div>

		
	
		<div class="article-list-item">
			<div class="article-list-item-inside">
				<div class="article-list-item-image">
									<span id="new_products_222" class="flyover_item"><a href="https://www.feinkost-aus-ungarn.de/de/haushaltswaren/Gusseisene-Grill-Scheibe-45-cm-Oentoettvas-grill-tarcsa.html"><img src="images/product_images/thumbnail_images/15501_4.jpg" alt="Gusseisene Grill Scheibe 45 cm |  Öntöttvas grill tárcsa" title="Gusseisene Grill Scheibe 45 cm |  Öntöttvas grill tárcsa"></a></span>
								</div>
				<div class="article-list-item-text">
					<p class="title"><a href="https://www.feinkost-aus-ungarn.de/de/haushaltswaren/Gusseisene-Grill-Scheibe-45-cm-Oentoettvas-grill-tarcsa.html" title="Gusseisene Grill Scheibe 45 cm |  Öntöttvas grill tárcsa">Gusseisene Grill Scheibe 45 cm |...</a></p>
					<div class="article-list-item-price">
						<div class="article-list-item-price-inline">

							<span class="price"><a href="https://www.feinkost-aus-ungarn.de/de/haushaltswaren/Gusseisene-Grill-Scheibe-45-cm-Oentoettvas-grill-tarcsa.html"> 17,99 EUR</a></span>
															<br>
								
																						<span class="small"> 17,99 EUR pro stück<br></span>
													</div>
					</div>
				</div>
			</div>
		</div>

		
	
		<div class="article-list-item">
			<div class="article-list-item-inside">
				<div class="article-list-item-image">
									<span id="new_products_221" class="flyover_item"><a href="https://www.feinkost-aus-ungarn.de/de/Talal0-bogracs-Kessel-Servierset-3-Teiliges-SET.html"><img src="images/product_images/thumbnail_images/talalo_bogracs_0_89_l.jpg" alt="Tálaló bogrács Kessel Servierset 3 Teiliges-SET" title="Tálaló bogrács Kessel Servierset 3 Teiliges-SET"></a></span>
								</div>
				<div class="article-list-item-text">
					<p class="title"><a href="https://www.feinkost-aus-ungarn.de/de/Talal0-bogracs-Kessel-Servierset-3-Teiliges-SET.html" title="Tálaló bogrács Kessel Servierset 3 Teiliges-SET">Tálaló bogrács Kessel Servierset 3...</a></p>
					<div class="article-list-item-price">
						<div class="article-list-item-price-inline">

							<span class="price"><a href="https://www.feinkost-aus-ungarn.de/de/Talal0-bogracs-Kessel-Servierset-3-Teiliges-SET.html"> 11,99 EUR</a></span>
															<br>
								
																						<span class="small"> 11,99 EUR pro stück<br></span>
													</div>
					</div>
				</div>
			</div>
		</div>

		
	
		<div class="article-list-item">
			<div class="article-list-item-inside">
				<div class="article-list-item-image">
									<span id="new_products_220" class="flyover_item"><a href="https://www.feinkost-aus-ungarn.de/de/Sonstiges/Italienischer-Kaese/Parmigiano-Reggiano-Di-Montagna-26monate-gereifter-PARMESANKAESE.html"><img src="images/product_images/thumbnail_images/11.jpg" alt="Parmigiano Reggiano Di Montagna 26monate gereifter PARMESANKÄSE" title="Parmigiano Reggiano Di Montagna 26monate gereifter PARMESANKÄSE"></a></span>
								</div>
				<div class="article-list-item-text">
					<p class="title"><a href="https://www.feinkost-aus-ungarn.de/de/Sonstiges/Italienischer-Kaese/Parmigiano-Reggiano-Di-Montagna-26monate-gereifter-PARMESANKAESE.html" title="Parmigiano Reggiano Di Montagna 26monate gereifter PARMESANKÄSE">Parmigiano Reggiano Di Montagna...</a></p>
					<div class="article-list-item-price">
						<div class="article-list-item-price-inline">

							<span class="price"><a href="https://www.feinkost-aus-ungarn.de/de/Sonstiges/Italienischer-Kaese/Parmigiano-Reggiano-Di-Montagna-26monate-gereifter-PARMESANKAESE.html"> 7,99 EUR</a></span>
															<br>
								
																						<span class="small"> 26,63 EUR pro Kg<br></span>
													</div>
					</div>
				</div>
			</div>
		</div>

		
	
		<div class="article-list-item">
			<div class="article-list-item-inside">
				<div class="article-list-item-image">
									<span id="new_products_216" class="flyover_item"><a href="https://www.feinkost-aus-ungarn.de/de/Suesswaren/chocoMe/ChocoMe-Avola-Mandeln-mit-Tonkabohnen-verfeinerter-Milchschokolade-120g.html"><img src="images/product_images/thumbnail_images/rf107_single_02_trans.tonka.png" alt="ChocoMe | Avola Mandeln mit Tonkabohnen verfeinerter Milchschokolade 120g" title="ChocoMe | Avola Mandeln mit Tonkabohnen verfeinerter Milchschokolade 120g"></a></span>
								</div>
				<div class="article-list-item-text">
					<p class="title"><a href="https://www.feinkost-aus-ungarn.de/de/Suesswaren/chocoMe/ChocoMe-Avola-Mandeln-mit-Tonkabohnen-verfeinerter-Milchschokolade-120g.html" title="ChocoMe | Avola Mandeln mit Tonkabohnen verfeinerter Milchschokolade 120g |...">ChocoMe | Avola Mandeln mit...</a></p>
					<div class="article-list-item-price">
						<div class="article-list-item-price-inline">

							<span class="price"><a href="https://www.feinkost-aus-ungarn.de/de/Suesswaren/chocoMe/ChocoMe-Avola-Mandeln-mit-Tonkabohnen-verfeinerter-Milchschokolade-120g.html"> 10,99 EUR</a></span>
															<br>
								
																						<span class="small"> 91,58 EUR pro Kg<br></span>
													</div>
					</div>
				</div>
			</div>
		</div>

		
	
		<div class="article-list-item">
			<div class="article-list-item-inside">
				<div class="article-list-item-image">
									<span id="new_products_215" class="flyover_item"><a href="https://www.feinkost-aus-ungarn.de/de/Suesswaren/chocoMe/ChocoMe-Gefriergetrocknete-Himbeere-mit-weisser-Schokolade-100g.html"><img src="images/product_images/thumbnail_images/rf106_single_2_transparent.png" alt="ChocoMe | Gefriergetrocknete Himbeere mit weißer Schokolade 100g" title="ChocoMe | Gefriergetrocknete Himbeere mit weißer Schokolade 100g"></a></span>
								</div>
				<div class="article-list-item-text">
					<p class="title"><a href="https://www.feinkost-aus-ungarn.de/de/Suesswaren/chocoMe/ChocoMe-Gefriergetrocknete-Himbeere-mit-weisser-Schokolade-100g.html" title="ChocoMe | Gefriergetrocknete Himbeere mit weißer Schokolade 100g | Im...">ChocoMe | Gefriergetrocknete Himbeere...</a></p>
					<div class="article-list-item-price">
						<div class="article-list-item-price-inline">

							<span class="price"><a href="https://www.feinkost-aus-ungarn.de/de/Suesswaren/chocoMe/ChocoMe-Gefriergetrocknete-Himbeere-mit-weisser-Schokolade-100g.html"> 9,99 EUR</a></span>
															<br>
								
																						<span class="small"> 99,90 EUR pro Kg<br></span>
													</div>
					</div>
				</div>
			</div>
		</div>

		
	
		<div class="article-list-item">
			<div class="article-list-item-inside">
				<div class="article-list-item-image">
									<span id="new_products_214" class="flyover_item"><a href="https://www.feinkost-aus-ungarn.de/de/Gyulahus/Gyulai-Leberwurst-mit-wurstgewuerzen-120g.html"><img src="images/product_images/thumbnail_images/kolb_aszfeszeres-m_ajas_bit_main.png" alt="Gyulai Leberwurst mit wurstgewürzen 120g" title="Gyulai Leberwurst mit wurstgewürzen 120g"></a></span>
								</div>
				<div class="article-list-item-text">
					<p class="title"><a href="https://www.feinkost-aus-ungarn.de/de/Gyulahus/Gyulai-Leberwurst-mit-wurstgewuerzen-120g.html" title="Gyulai Leberwurst mit wurstgewürzen 120g">Gyulai Leberwurst mit wurstgewürzen 120g</a></p>
					<div class="article-list-item-price">
						<div class="article-list-item-price-inline">

							<span class="price"><a href="https://www.feinkost-aus-ungarn.de/de/Gyulahus/Gyulai-Leberwurst-mit-wurstgewuerzen-120g.html"> 1,09 EUR</a></span>
															<br>
								
																						<span class="small"> 9,08 EUR pro Kg<br></span>
													</div>
					</div>
				</div>
			</div>
		</div>

		
	
		<div class="article-list-item">
			<div class="article-list-item-inside">
				<div class="article-list-item-image">
									<span id="new_products_213" class="flyover_item"><a href="https://www.feinkost-aus-ungarn.de/de/Suesswaren/chocoMe/ChocoMe-Entree-weisse-Schokolade-100g-Tafel.html"><img src="images/product_images/thumbnail_images/48.png" alt="ChocoMe | Entrée weisse Schokolade 100g Tafel" title="ChocoMe | Entrée weisse Schokolade 100g Tafel"></a></span>
								</div>
				<div class="article-list-item-text">
					<p class="title"><a href="https://www.feinkost-aus-ungarn.de/de/Suesswaren/chocoMe/ChocoMe-Entree-weisse-Schokolade-100g-Tafel.html" title="ChocoMe | Entrée weisse Schokolade 100g Tafel">ChocoMe | Entrée weisse Schokolade...</a></p>
					<div class="article-list-item-price">
						<div class="article-list-item-price-inline">

							<span class="price"><a href="https://www.feinkost-aus-ungarn.de/de/Suesswaren/chocoMe/ChocoMe-Entree-weisse-Schokolade-100g-Tafel.html"> 8,99 EUR</a></span>
															<br>
								
																						<span class="small"> 89,90 EUR pro Kg<br></span>
													</div>
					</div>
				</div>
			</div>
		</div>

		
	
		<div class="article-list-item">
			<div class="article-list-item-inside">
				<div class="article-list-item-image">
									<span id="new_products_193" class="flyover_item"><a href="https://www.feinkost-aus-ungarn.de/de/Tokajer-Essig/Tokajer-Balsamessig-HEIDELBEERE-VEILCHEN-250ml.html"><img src="images/product_images/thumbnail_images/heilderbeereveilchenweb.jpg" alt="Tokajer Balsamessig HEIDELBEERE-VEILCHEN 250ml" title="Tokajer Balsamessig HEIDELBEERE-VEILCHEN 250ml"></a></span>
								</div>
				<div class="article-list-item-text">
					<p class="title"><a href="https://www.feinkost-aus-ungarn.de/de/Tokajer-Essig/Tokajer-Balsamessig-HEIDELBEERE-VEILCHEN-250ml.html" title="Tokajer Balsamessig HEIDELBEERE-VEILCHEN 250ml">Tokajer Balsamessig...</a></p>
					<div class="article-list-item-price">
						<div class="article-list-item-price-inline">

							<span class="price"><a href="https://www.feinkost-aus-ungarn.de/de/Tokajer-Essig/Tokajer-Balsamessig-HEIDELBEERE-VEILCHEN-250ml.html"> 15,99 EUR</a></span>
															<br>
								
																						<span class="small"> 63,96 EUR pro liter<br></span>
													</div>
					</div>
				</div>
			</div>
		</div>

		
	
		<div class="article-list-item">
			<div class="article-list-item-inside">
				<div class="article-list-item-image">
									<span id="new_products_191" class="flyover_item"><a href="https://www.feinkost-aus-ungarn.de/de/Kotanyi/Kotanyi-Pfeffer-schwarz-36-g-in-Muehle-grob---fein---Pfeffermuehle---Gewuerzmuehle.html"><img src="images/product_images/thumbnail_images/pfeffer_schwarz_muehle.jpg" alt="Kotanyi Pfeffer schwarz 36 g in Mühle grob + fein / Pfeffermühle / Gewürzmühle" title="Kotanyi Pfeffer schwarz 36 g in Mühle grob + fein / Pfeffermühle / Gewürzmühle"></a></span>
								</div>
				<div class="article-list-item-text">
					<p class="title"><a href="https://www.feinkost-aus-ungarn.de/de/Kotanyi/Kotanyi-Pfeffer-schwarz-36-g-in-Muehle-grob---fein---Pfeffermuehle---Gewuerzmuehle.html" title="Kotanyi Pfeffer schwarz 36 g in Mühle grob + fein / Pfeffermühle / Gewürzmühle">Kotanyi Pfeffer schwarz 36 g in Mühle...</a></p>
					<div class="article-list-item-price">
						<div class="article-list-item-price-inline">

							<span class="price"><a href="https://www.feinkost-aus-ungarn.de/de/Kotanyi/Kotanyi-Pfeffer-schwarz-36-g-in-Muehle-grob---fein---Pfeffermuehle---Gewuerzmuehle.html"> 2,59 EUR</a></span>
															<br>
								
																						<span class="small"> 71,94 EUR pro Kg<br></span>
													</div>
					</div>
				</div>
			</div>
		</div>

		
	
		<div class="article-list-item">
			<div class="article-list-item-inside">
				<div class="article-list-item-image">
									<span id="new_products_168" class="flyover_item"><a href="https://www.feinkost-aus-ungarn.de/de/HA-Vito-plusz-250g-Gewuerzmischung-ohne-Glutamat.html"><img src="images/product_images/thumbnail_images/vito250g3d.jpg" alt="HA Vito plusz 250g - Gewürzmischung ohne Glutamat!" title="HA Vito plusz 250g - Gewürzmischung ohne Glutamat!"></a></span>
								</div>
				<div class="article-list-item-text">
					<p class="title"><a href="https://www.feinkost-aus-ungarn.de/de/HA-Vito-plusz-250g-Gewuerzmischung-ohne-Glutamat.html" title="HA Vito plusz 250g - Gewürzmischung ohne Glutamat!">HA Vito plusz 250g - Gewürzmischung...</a></p>
					<div class="article-list-item-price">
						<div class="article-list-item-price-inline">

							<span class="price"><a href="https://www.feinkost-aus-ungarn.de/de/HA-Vito-plusz-250g-Gewuerzmischung-ohne-Glutamat.html"> Nur  2,00 EUR</a></span>
															<br>
								
																						<span class="small"> 8,00 EUR pro Kg<br></span>
													</div>
					</div>
				</div>
			</div>
		</div>

		
	
		<div class="article-list-item">
			<div class="article-list-item-inside">
				<div class="article-list-item-image">
									<span id="new_products_167" class="flyover_item"><a href="https://www.feinkost-aus-ungarn.de/de/Chili-Trade/CHILI-TRADE-Edes-Piros-mild-210g.html"><img src="images/product_images/thumbnail_images/edes_piros_paprikacreme_fau.jpg" alt="CHILI TRADE | Édes Piros mild 210g" title="CHILI TRADE | Édes Piros mild 210g"></a></span>
								</div>
				<div class="article-list-item-text">
					<p class="title"><a href="https://www.feinkost-aus-ungarn.de/de/Chili-Trade/CHILI-TRADE-Edes-Piros-mild-210g.html" title="CHILI TRADE | Édes Piros mild 210g | &quot;Dieses Produkt besteht nur aus original...">CHILI TRADE | Édes Piros mild 210g</a></p>
					<div class="article-list-item-price">
						<div class="article-list-item-price-inline">

							<span class="price"><a href="https://www.feinkost-aus-ungarn.de/de/Chili-Trade/CHILI-TRADE-Edes-Piros-mild-210g.html"> 2,79 EUR</a></span>
															<br>
								
																						<span class="small"> 13,29 EUR pro Kg<br></span>
													</div>
					</div>
				</div>
			</div>
		</div>

		
	
		<div class="article-list-item">
			<div class="article-list-item-inside">
				<div class="article-list-item-image">
									<span id="new_products_166" class="flyover_item"><a href="https://www.feinkost-aus-ungarn.de/de/REX-Ciborum/REX-CIBORUM-Gaenseleber-Pate-mit-geroesteten-Nuessen-50g.html"><img src="images/product_images/thumbnail_images/gaenseleber_pate_mit_geroesteten_nuessen_fau.jpg" alt="REX CIBORUM  Gänseleber Paté mit gerösteten Nüssen 50g" title="REX CIBORUM  Gänseleber Paté mit gerösteten Nüssen 50g"></a></span>
								</div>
				<div class="article-list-item-text">
					<p class="title"><a href="https://www.feinkost-aus-ungarn.de/de/REX-Ciborum/REX-CIBORUM-Gaenseleber-Pate-mit-geroesteten-Nuessen-50g.html" title="REX CIBORUM  Gänseleber Paté mit gerösteten Nüssen 50g | LIBAMÁJ Paté">REX CIBORUM  Gänseleber Paté mit...</a></p>
					<div class="article-list-item-price">
						<div class="article-list-item-price-inline">

							<span class="price"><a href="https://www.feinkost-aus-ungarn.de/de/REX-Ciborum/REX-CIBORUM-Gaenseleber-Pate-mit-geroesteten-Nuessen-50g.html"> 2,99 EUR</a></span>
															<br>
								
																						<span class="small"> 59,80 EUR pro Kg<br></span>
													</div>
					</div>
				</div>
			</div>
		</div>

		
	
		<div class="article-list-item">
			<div class="article-list-item-inside">
				<div class="article-list-item-image">
									<span id="new_products_165" class="flyover_item"><a href="https://www.feinkost-aus-ungarn.de/de/REX-Ciborum/REX-CIBORUM-Gaenseleber-mousse-mit-Mediterranen-Gewuerzen-50g.html"><img src="images/product_images/thumbnail_images/gaenseleber_mousse_mediterane_gew_rze_rex_ciborum_50g.jpg" alt="REX CIBORUM | Gänseleber mousse mit Mediterranen Gewürzen 50g" title="REX CIBORUM | Gänseleber mousse mit Mediterranen Gewürzen 50g"></a></span>
								</div>
				<div class="article-list-item-text">
					<p class="title"><a href="https://www.feinkost-aus-ungarn.de/de/REX-Ciborum/REX-CIBORUM-Gaenseleber-mousse-mit-Mediterranen-Gewuerzen-50g.html" title="REX CIBORUM | Gänseleber mousse mit Mediterranen Gewürzen 50g | LIBAMÁJ...">REX CIBORUM | Gänseleber mousse mit...</a></p>
					<div class="article-list-item-price">
						<div class="article-list-item-price-inline">

							<span class="price"><a href="https://www.feinkost-aus-ungarn.de/de/REX-Ciborum/REX-CIBORUM-Gaenseleber-mousse-mit-Mediterranen-Gewuerzen-50g.html"> 2,99 EUR</a></span>
															<br>
								
																						<span class="small"> 59,80 EUR pro Kg<br></span>
													</div>
					</div>
				</div>
			</div>
		</div>

		
	
		<div class="article-list-item">
			<div class="article-list-item-inside">
				<div class="article-list-item-image">
									<span id="new_products_164" class="flyover_item"><a href="https://www.feinkost-aus-ungarn.de/de/REX-Ciborum/REX-CIBORUM-Gaenseleber-Mousse-pikant-scharf-PIKANSAN-CSIPOES-50g.html"><img src="images/product_images/thumbnail_images/gaenseleber_mousse_pikant_scharf_rex_ciborum_fau.jpg" alt="REX CIBORUM | Gänseleber Mousse pikant scharf | PIKÀNSAN CSIPÖS 50g" title="REX CIBORUM | Gänseleber Mousse pikant scharf | PIKÀNSAN CSIPÖS 50g"></a></span>
								</div>
				<div class="article-list-item-text">
					<p class="title"><a href="https://www.feinkost-aus-ungarn.de/de/REX-Ciborum/REX-CIBORUM-Gaenseleber-Mousse-pikant-scharf-PIKANSAN-CSIPOES-50g.html" title="REX CIBORUM | Gänseleber Mousse pikant scharf | PIKÀNSAN CSIPÖS 50g">REX CIBORUM | Gänseleber Mousse...</a></p>
					<div class="article-list-item-price">
						<div class="article-list-item-price-inline">

							<span class="price"><a href="https://www.feinkost-aus-ungarn.de/de/REX-Ciborum/REX-CIBORUM-Gaenseleber-Mousse-pikant-scharf-PIKANSAN-CSIPOES-50g.html"> 2,99 EUR</a></span>
															<br>
								
																						<span class="small"> 59,80 EUR pro Kg<br></span>
													</div>
					</div>
				</div>
			</div>
		</div>

		
	
		<div class="article-list-item">
			<div class="article-list-item-inside">
				<div class="article-list-item-image">
									<span id="new_products_192" class="flyover_item"><a href="https://www.feinkost-aus-ungarn.de/de/Tokajer-Essig/Tokajer-Balsamessig-QUITTE-250ml.html"><img src="images/product_images/thumbnail_images/quitteweb.jpg" alt="Tokajer Balsamessig QUITTE 250ml" title="Tokajer Balsamessig QUITTE 250ml"></a></span>
								</div>
				<div class="article-list-item-text">
					<p class="title"><a href="https://www.feinkost-aus-ungarn.de/de/Tokajer-Essig/Tokajer-Balsamessig-QUITTE-250ml.html" title="Tokajer Balsamessig QUITTE 250ml | Tokajer-essig">Tokajer Balsamessig QUITTE 250ml</a></p>
					<div class="article-list-item-price">
						<div class="article-list-item-price-inline">

							<span class="price"><a href="https://www.feinkost-aus-ungarn.de/de/Tokajer-Essig/Tokajer-Balsamessig-QUITTE-250ml.html"> 15,99 EUR</a></span>
															<br>
								
																						<span class="small"> 63,96 EUR pro liter<br></span>
													</div>
					</div>
				</div>
			</div>
		</div>

		
	
		<div class="article-list-item">
			<div class="article-list-item-inside">
				<div class="article-list-item-image">
									<span id="new_products_162" class="flyover_item"><a href="https://www.feinkost-aus-ungarn.de/de/Pick-Szeged-Zrt-/PICKSTICK-Ungarischer-Snack-Mild-60g-PICK.html"><img src="images/product_images/thumbnail_images/pick_pickstick_mild_fau.jpg" alt="PICKSTICK Ungarischer Snack Mild 60g | PICK" title="PICKSTICK Ungarischer Snack Mild 60g | PICK"></a></span>
								</div>
				<div class="article-list-item-text">
					<p class="title"><a href="https://www.feinkost-aus-ungarn.de/de/Pick-Szeged-Zrt-/PICKSTICK-Ungarischer-Snack-Mild-60g-PICK.html" title="PICKSTICK Ungarischer Snack Mild 60g | PICK">PICKSTICK Ungarischer Snack Mild 60g...</a></p>
					<div class="article-list-item-price">
						<div class="article-list-item-price-inline">

							<span class="price"><a href="https://www.feinkost-aus-ungarn.de/de/Pick-Szeged-Zrt-/PICKSTICK-Ungarischer-Snack-Mild-60g-PICK.html"> 1,79 EUR</a></span>
															<br>
								
																						<span class="small"> 29,83 EUR pro Kg<br></span>
													</div>
					</div>
				</div>
			</div>
		</div>

		
	
		<div class="article-list-item">
			<div class="article-list-item-inside">
				<div class="article-list-item-image">
									<span id="new_products_161" class="flyover_item"><a href="https://www.feinkost-aus-ungarn.de/de/Pick-Szeged-Zrt-/PICKSTICK-Ungarischer-Snack-Pikant-60g-PICK.html"><img src="images/product_images/thumbnail_images/pick_pickstick_pikant_fau.jpg" alt="PICKSTICK Ungarischer Snack Pikant 60g | PICK" title="PICKSTICK Ungarischer Snack Pikant 60g | PICK"></a></span>
								</div>
				<div class="article-list-item-text">
					<p class="title"><a href="https://www.feinkost-aus-ungarn.de/de/Pick-Szeged-Zrt-/PICKSTICK-Ungarischer-Snack-Pikant-60g-PICK.html" title="PICKSTICK Ungarischer Snack Pikant 60g | PICK">PICKSTICK Ungarischer Snack Pikant...</a></p>
					<div class="article-list-item-price">
						<div class="article-list-item-price-inline">

							<span class="price"><a href="https://www.feinkost-aus-ungarn.de/de/Pick-Szeged-Zrt-/PICKSTICK-Ungarischer-Snack-Pikant-60g-PICK.html"> 1,79 EUR</a></span>
															<br>
								
																						<span class="small"> 29,83 EUR pro Kg<br></span>
													</div>
					</div>
				</div>
			</div>
		</div>

		
	
		<div class="article-list-item">
			<div class="article-list-item-inside">
				<div class="article-list-item-image">
									<span id="new_products_159" class="flyover_item"><a href="https://www.feinkost-aus-ungarn.de/de/ZWACK-Unicum/Unicum-Szilva-Pflaume-ZWACK-UNICUM-0-7-liter-Geschenk-Pack.html"><img src="images/product_images/thumbnail_images/unicumszilva_2glaeser_fau.jpg" alt="Unicum Szilva (Pflaume) - ZWACK UNICUM 0,7 liter | Geschenk-Pack" title="Unicum Szilva (Pflaume) - ZWACK UNICUM 0,7 liter | Geschenk-Pack"></a></span>
								</div>
				<div class="article-list-item-text">
					<p class="title"><a href="https://www.feinkost-aus-ungarn.de/de/ZWACK-Unicum/Unicum-Szilva-Pflaume-ZWACK-UNICUM-0-7-liter-Geschenk-Pack.html" title="Unicum Szilva (Pflaume) - ZWACK UNICUM 0,7 liter | Geschenk-Pack">Unicum Szilva (Pflaume) - ZWACK...</a></p>
					<div class="article-list-item-price">
						<div class="article-list-item-price-inline">

							<span class="price"><a href="https://www.feinkost-aus-ungarn.de/de/ZWACK-Unicum/Unicum-Szilva-Pflaume-ZWACK-UNICUM-0-7-liter-Geschenk-Pack.html"> 27,99 EUR</a></span>
															<br>
								
																						<span class="small"> 27,99 EUR pro stück<br></span>
													</div>
					</div>
				</div>
			</div>
		</div>

		
	
		<div class="article-list-item">
			<div class="article-list-item-inside">
				<div class="article-list-item-image">
									<span id="new_products_158" class="flyover_item"><a href="https://www.feinkost-aus-ungarn.de/de/Palinka/CORNUS-vilmoskoerte-palinka-Williams-Birne-alk-52-V-V-0-5l.html"><img src="images/product_images/thumbnail_images/cornus_williams_birne_05liter.jpg" alt="CORNUS | vilmoskörte pálinka | Williams Birne alk.52%(V/V) 0,5l" title="CORNUS | vilmoskörte pálinka | Williams Birne alk.52%(V/V) 0,5l"></a></span>
								</div>
				<div class="article-list-item-text">
					<p class="title"><a href="https://www.feinkost-aus-ungarn.de/de/Palinka/CORNUS-vilmoskoerte-palinka-Williams-Birne-alk-52-V-V-0-5l.html" title="CORNUS | vilmoskörte pálinka | Williams Birne alk.52%(V/V) 0,5l">CORNUS | vilmoskörte pálinka |...</a></p>
					<div class="article-list-item-price">
						<div class="article-list-item-price-inline">

							<span class="price"><a href="https://www.feinkost-aus-ungarn.de/de/Palinka/CORNUS-vilmoskoerte-palinka-Williams-Birne-alk-52-V-V-0-5l.html"> 30,99 EUR</a></span>
															<br>
								
																						<span class="small"> 61,98 EUR pro liter<br></span>
													</div>
					</div>
				</div>
			</div>
		</div>

		
	
		<div class="article-list-item">
			<div class="article-list-item-inside">
				<div class="article-list-item-image">
									<span id="new_products_157" class="flyover_item"><a href="https://www.feinkost-aus-ungarn.de/de/Palinka/CORNUS-Juhfark-szoeloe-palinka-Juhfark-Traube-alk-52-V-V-0-5l.html"><img src="images/product_images/thumbnail_images/cornus_juhfark_traube_05liter.jpg" alt="CORNUS | Juhfark szölö pálinka | Juhfark Traube alk.52%(V/V) 0,5l" title="CORNUS | Juhfark szölö pálinka | Juhfark Traube alk.52%(V/V) 0,5l"></a></span>
								</div>
				<div class="article-list-item-text">
					<p class="title"><a href="https://www.feinkost-aus-ungarn.de/de/Palinka/CORNUS-Juhfark-szoeloe-palinka-Juhfark-Traube-alk-52-V-V-0-5l.html" title="CORNUS | Juhfark szölö pálinka | Juhfark Traube alk.52%(V/V) 0,5l">CORNUS | Juhfark szölö pálinka |...</a></p>
					<div class="article-list-item-price">
						<div class="article-list-item-price-inline">

							<span class="price"><a href="https://www.feinkost-aus-ungarn.de/de/Palinka/CORNUS-Juhfark-szoeloe-palinka-Juhfark-Traube-alk-52-V-V-0-5l.html"> 30,99 EUR</a></span>
															<br>
								
																						<span class="small"> 61,98 EUR pro liter<br></span>
													</div>
					</div>
				</div>
			</div>
		</div>

		
	
		<div class="article-list-item">
			<div class="article-list-item-inside">
				<div class="article-list-item-image">
									<span id="new_products_212" class="flyover_item"><a href="https://www.feinkost-aus-ungarn.de/de/Suesswaren/chocoMe/ChocoMe-Entree-100g-Syrah-II-dunkle-Schokolade-66-P-KV-GSJ.html"><img src="images/product_images/thumbnail_images/157.png" alt="ChocoMe | Entrée 100g &quot;Syrah II&quot; dunkle Schokolade 66% P.KV.GSJ" title="ChocoMe | Entrée 100g &quot;Syrah II&quot; dunkle Schokolade 66% P.KV.GSJ"></a></span>
								</div>
				<div class="article-list-item-text">
					<p class="title"><a href="https://www.feinkost-aus-ungarn.de/de/Suesswaren/chocoMe/ChocoMe-Entree-100g-Syrah-II-dunkle-Schokolade-66-P-KV-GSJ.html" title="ChocoMe | Entrée 100g &quot;Syrah II&quot; dunkle Schokolade 66% P.KV.GSJ">ChocoMe | Entrée 100g "Syrah...</a></p>
					<div class="article-list-item-price">
						<div class="article-list-item-price-inline">

							<span class="price"><a href="https://www.feinkost-aus-ungarn.de/de/Suesswaren/chocoMe/ChocoMe-Entree-100g-Syrah-II-dunkle-Schokolade-66-P-KV-GSJ.html"> Nur  8,09 EUR</a></span>
															<br>
								
																						<span class="small"> 80,90 EUR pro Kg<br></span>
													</div>
					</div>
				</div>
			</div>
		</div>

		
	
		<div class="article-list-item">
			<div class="article-list-item-inside">
				<div class="article-list-item-image">
									<span id="new_products_169" class="flyover_item"><a href="https://www.feinkost-aus-ungarn.de/de/HA-Gewuerzmix-fuer-ungarisches-Fasirt-33g.html"><img src="images/product_images/thumbnail_images/31953_xl.gif.png" alt="HA | Gewürzmix für ungarisches Fasírt 33g" title="HA | Gewürzmix für ungarisches Fasírt 33g"></a></span>
								</div>
				<div class="article-list-item-text">
					<p class="title"><a href="https://www.feinkost-aus-ungarn.de/de/HA-Gewuerzmix-fuer-ungarisches-Fasirt-33g.html" title="HA | Gewürzmix für ungarisches Fasírt 33g">HA | Gewürzmix für ungarisches Fasírt...</a></p>
					<div class="article-list-item-price">
						<div class="article-list-item-price-inline">

							<span class="price"><a href="https://www.feinkost-aus-ungarn.de/de/HA-Gewuerzmix-fuer-ungarisches-Fasirt-33g.html"> 0,99 EUR</a></span>
															<br>
								
																						<span class="small"> 30,00 EUR pro Kg<br></span>
													</div>
					</div>
				</div>
			</div>
		</div>

		
	
		<div class="article-list-item">
			<div class="article-list-item-inside">
				<div class="article-list-item-image">
									<span id="new_products_170" class="flyover_item"><a href="https://www.feinkost-aus-ungarn.de/de/Mangalica-Produkte/Mangalitza-Rueckenlachs-mit-Knoblauch-80g.html"><img src="images/product_images/thumbnail_images/rueckenlachs_mangalitza_80g_fau.jpg" alt="Mangalitza | Rückenlachs mit Knoblauch 80g" title="Mangalitza | Rückenlachs mit Knoblauch 80g"></a></span>
								</div>
				<div class="article-list-item-text">
					<p class="title"><a href="https://www.feinkost-aus-ungarn.de/de/Mangalica-Produkte/Mangalitza-Rueckenlachs-mit-Knoblauch-80g.html" title="Rückenlachs &quot;Knoblauch&quot;, vom Mangalitza Wollschwein |Hergestellt vom zarten...">Mangalitza | Rückenlachs mit...</a></p>
					<div class="article-list-item-price">
						<div class="article-list-item-price-inline">

							<span class="price"><a href="https://www.feinkost-aus-ungarn.de/de/Mangalica-Produkte/Mangalitza-Rueckenlachs-mit-Knoblauch-80g.html"> 6,09 EUR</a></span>
															<br>
								
																						<span class="small"> 76,13 EUR pro Kg<br></span>
													</div>
					</div>
				</div>
			</div>
		</div>

		
	
		<div class="article-list-item">
			<div class="article-list-item-inside">
				<div class="article-list-item-image">
									<span id="new_products_190" class="flyover_item"><a href="https://www.feinkost-aus-ungarn.de/de/Kotanyi/10er-SET-Kotanyi-Curry-Mischung-45-g-in-Muehle-grob-fein-Gewuerzmuehle.html"><img src="images/product_images/thumbnail_images/curry_mischung_kotanyi_10er_set.jpg" alt="10er SET Kotanyi Curry Mischung 45 g in Mühle grob + fein / Gewürzmühle" title="10er SET Kotanyi Curry Mischung 45 g in Mühle grob + fein / Gewürzmühle"></a></span>
								</div>
				<div class="article-list-item-text">
					<p class="title"><a href="https://www.feinkost-aus-ungarn.de/de/Kotanyi/10er-SET-Kotanyi-Curry-Mischung-45-g-in-Muehle-grob-fein-Gewuerzmuehle.html" title="10er SET Kotanyi Curry Mischung 45 g in Mühle grob + fein / Gewürzmühle">10er SET Kotanyi Curry Mischung 45 g...</a></p>
					<div class="article-list-item-price">
						<div class="article-list-item-price-inline">

							<span class="price"><a href="https://www.feinkost-aus-ungarn.de/de/Kotanyi/10er-SET-Kotanyi-Curry-Mischung-45-g-in-Muehle-grob-fein-Gewuerzmuehle.html"> 23,99 EUR</a></span>
															<br>
								
																						<span class="small"> 53,31 EUR pro Kg<br></span>
													</div>
					</div>
				</div>
			</div>
		</div>

		
	
		<div class="article-list-item">
			<div class="article-list-item-inside">
				<div class="article-list-item-image">
									<span id="new_products_189" class="flyover_item"><a href="https://www.feinkost-aus-ungarn.de/de/Kotanyi/Kotanyi-Curry-Mischung-45-g-in-Muehle-grob-fein-Gewuerzmuehle.html"><img src="images/product_images/thumbnail_images/curry_mischung_kotanyi.jpg" alt="Kotanyi Curry Mischung 45 g in Mühle grob + fein / Gewürzmühle" title="Kotanyi Curry Mischung 45 g in Mühle grob + fein / Gewürzmühle"></a></span>
								</div>
				<div class="article-list-item-text">
					<p class="title"><a href="https://www.feinkost-aus-ungarn.de/de/Kotanyi/Kotanyi-Curry-Mischung-45-g-in-Muehle-grob-fein-Gewuerzmuehle.html" title="Kotanyi Curry Mischung 45 g in Mühle grob + fein / Gewürzmühle">Kotanyi Curry Mischung 45 g in Mühle...</a></p>
					<div class="article-list-item-price">
						<div class="article-list-item-price-inline">

							<span class="price"><a href="https://www.feinkost-aus-ungarn.de/de/Kotanyi/Kotanyi-Curry-Mischung-45-g-in-Muehle-grob-fein-Gewuerzmuehle.html"> 2,49 EUR</a></span>
															<br>
								
																						<span class="small"> 55,33 EUR pro Kg<br></span>
													</div>
					</div>
				</div>
			</div>
		</div>

		
	
		<div class="article-list-item">
			<div class="article-list-item-inside">
				<div class="article-list-item-image">
									<span id="new_products_188" class="flyover_item"><a href="https://www.feinkost-aus-ungarn.de/de/Noszlopi-Unokaimnak-Fuer-meine-Enkelkinder-350g.html"><img src="images/product_images/thumbnail_images/Noszlopi_Unokaimnak_fau.png" alt="Noszlopi | Unokaimnak  - Für meine Enkelkinder 350g" title="Noszlopi | Unokaimnak  - Für meine Enkelkinder 350g"></a></span>
								</div>
				<div class="article-list-item-text">
					<p class="title"><a href="https://www.feinkost-aus-ungarn.de/de/Noszlopi-Unokaimnak-Fuer-meine-Enkelkinder-350g.html" title="Noszlopi | Unokaimnak  - Für meine Enkelkinder 350g">Noszlopi | Unokaimnak  - Für meine...</a></p>
					<div class="article-list-item-price">
						<div class="article-list-item-price-inline">

							<span class="price"><a href="https://www.feinkost-aus-ungarn.de/de/Noszlopi-Unokaimnak-Fuer-meine-Enkelkinder-350g.html"> 2,99 EUR</a></span>
															<br>
								
																						<span class="small"> 8,54 EUR pro Kg<br></span>
													</div>
					</div>
				</div>
			</div>
		</div>

		
	
		<div class="article-list-item">
			<div class="article-list-item-inside">
				<div class="article-list-item-image">
									<span id="new_products_197" class="flyover_item"><a href="https://www.feinkost-aus-ungarn.de/de/Teigwaren/M-Gabiteszta-Kft/M-Gabiteszta-Kezi-tarhonya-Eiergraupen-mit-8-Eier-250g.html"><img src="images/product_images/thumbnail_images/k_ozi-tarhonya.jpg" alt="M-Gabitészta | Kézi tarhonya | Eiergraupen mit 8 Eier 250g" title="M-Gabitészta | Kézi tarhonya | Eiergraupen mit 8 Eier 250g"></a></span>
								</div>
				<div class="article-list-item-text">
					<p class="title"><a href="https://www.feinkost-aus-ungarn.de/de/Teigwaren/M-Gabiteszta-Kft/M-Gabiteszta-Kezi-tarhonya-Eiergraupen-mit-8-Eier-250g.html" title="M-Gabitészta | Kézi tarhonya | Eiergraupen mit 8 Eier 250g">M-Gabitészta | Kézi tarhonya |...</a></p>
					<div class="article-list-item-price">
						<div class="article-list-item-price-inline">

							<span class="price"><a href="https://www.feinkost-aus-ungarn.de/de/Teigwaren/M-Gabiteszta-Kft/M-Gabiteszta-Kezi-tarhonya-Eiergraupen-mit-8-Eier-250g.html"> 3,99 EUR</a></span>
															<br>
								
																						<span class="small"> 15,96 EUR pro Kg<br></span>
													</div>
					</div>
				</div>
			</div>
		</div>

		
	
		<div class="article-list-item">
			<div class="article-list-item-inside">
				<div class="article-list-item-image">
									<span id="new_products_187" class="flyover_item"><a href="https://www.feinkost-aus-ungarn.de/de/eingelegtes/Noszlopi-Lanyomnak-Fuer-meine-Tochter-350g.html"><img src="images/product_images/thumbnail_images/Noszlopi_Lanyomnak_fau.png" alt="Noszlopi | Lányomnak - Für meine Tochter 350g" title="Noszlopi | Lányomnak - Für meine Tochter 350g"></a></span>
								</div>
				<div class="article-list-item-text">
					<p class="title"><a href="https://www.feinkost-aus-ungarn.de/de/eingelegtes/Noszlopi-Lanyomnak-Fuer-meine-Tochter-350g.html" title="Noszlopi | Lányomnak - Für meine Tochter 350g
&quot;Urgroßmutter - Für meine...">Noszlopi | Lányomnak - Für meine...</a></p>
					<div class="article-list-item-price">
						<div class="article-list-item-price-inline">

							<span class="price"><a href="https://www.feinkost-aus-ungarn.de/de/eingelegtes/Noszlopi-Lanyomnak-Fuer-meine-Tochter-350g.html"> 3,99 EUR</a></span>
															<br>
								
																						<span class="small"> 11,40 EUR pro Kg<br></span>
													</div>
					</div>
				</div>
			</div>
		</div>

		
	
		<div class="article-list-item">
			<div class="article-list-item-inside">
				<div class="article-list-item-image">
									<span id="new_products_186" class="flyover_item"><a href="https://www.feinkost-aus-ungarn.de/de/Kotanyi/Kotanyi-Meersalz-mit-Chili-Knoblauch-72-g-Gewuerzmuehle.html"><img src="images/product_images/thumbnail_images/meersalz_chiliuknoblauch.jpg" alt="Kotányi Meersalz mit Chili &amp; Knoblauch 72 g | Gewürzmühle" title="Kotányi Meersalz mit Chili &amp; Knoblauch 72 g | Gewürzmühle"></a></span>
								</div>
				<div class="article-list-item-text">
					<p class="title"><a href="https://www.feinkost-aus-ungarn.de/de/Kotanyi/Kotanyi-Meersalz-mit-Chili-Knoblauch-72-g-Gewuerzmuehle.html" title="Kotányi Meersalz mit Chili &amp; Knoblauch 72 g | Gewürzmühle">Kotányi Meersalz mit Chili &amp;...</a></p>
					<div class="article-list-item-price">
						<div class="article-list-item-price-inline">

							<span class="price"><a href="https://www.feinkost-aus-ungarn.de/de/Kotanyi/Kotanyi-Meersalz-mit-Chili-Knoblauch-72-g-Gewuerzmuehle.html"> 2,99 EUR</a></span>
															<br>
								
																						<span class="small"> 41,53 EUR pro Kg<br></span>
													</div>
					</div>
				</div>
			</div>
		</div>

		
	
		<div class="article-list-item">
			<div class="article-list-item-inside">
				<div class="article-list-item-image">
									<span id="new_products_185" class="flyover_item"><a href="https://www.feinkost-aus-ungarn.de/de/Maggi-Halaszle-kocka-100g-Fischsuppenwuerfel.html"><img src="images/product_images/thumbnail_images/hal_aszl_o_100g.jpg" alt="Maggi | Halászlé kocka 100g - Fischsuppenwürfel" title="Maggi | Halászlé kocka 100g - Fischsuppenwürfel"></a></span>
								</div>
				<div class="article-list-item-text">
					<p class="title"><a href="https://www.feinkost-aus-ungarn.de/de/Maggi-Halaszle-kocka-100g-Fischsuppenwuerfel.html" title="Maggi | Halászlé kocka 100g - Fischsuppenwürfel">Maggi | Halászlé kocka 100g -...</a></p>
					<div class="article-list-item-price">
						<div class="article-list-item-price-inline">

							<span class="price"><a href="https://www.feinkost-aus-ungarn.de/de/Maggi-Halaszle-kocka-100g-Fischsuppenwuerfel.html"> 4,99 EUR</a></span>
															<br>
								
																						<span class="small"> 49,90 EUR pro Kg<br></span>
													</div>
					</div>
				</div>
			</div>
		</div>

		
	
		<div class="article-list-item">
			<div class="article-list-item-inside">
				<div class="article-list-item-image">
									<span id="new_products_184" class="flyover_item"><a href="https://www.feinkost-aus-ungarn.de/de/HA-Gulasch-Gewuerzmischung-80g.html"><img src="images/product_images/thumbnail_images/HA_Poerkoelt_ala_1_0.png" alt="HA | Gulasch Gewürzmischung 80g" title="HA | Gulasch Gewürzmischung 80g"></a></span>
								</div>
				<div class="article-list-item-text">
					<p class="title"><a href="https://www.feinkost-aus-ungarn.de/de/HA-Gulasch-Gewuerzmischung-80g.html" title="HA | Gulasch Gewürzmischung 80g, Die Besonderheit des Produkts liegt in der...">HA | Gulasch Gewürzmischung 80g</a></p>
					<div class="article-list-item-price">
						<div class="article-list-item-price-inline">

							<span class="price"><a href="https://www.feinkost-aus-ungarn.de/de/HA-Gulasch-Gewuerzmischung-80g.html"> 1,99 EUR</a></span>
															<br>
								
																						<span class="small"> 24,88 EUR pro g<br></span>
													</div>
					</div>
				</div>
			</div>
		</div>

		
	
		<div class="article-list-item">
			<div class="article-list-item-inside">
				<div class="article-list-item-image">
									<span id="new_products_183" class="flyover_item"><a href="https://www.feinkost-aus-ungarn.de/de/Kotanyi/Kotanyi-Muehle-grob-fein-Pfeffer-Bunt-35g.html"><img src="images/product_images/thumbnail_images/6773_pfeffer_bunt_muehle.jpg" alt="Kotanyi Mühle grob/fein Pfeffer Bunt 35g" title="Kotanyi Mühle grob/fein Pfeffer Bunt 35g"></a></span>
								</div>
				<div class="article-list-item-text">
					<p class="title"><a href="https://www.feinkost-aus-ungarn.de/de/Kotanyi/Kotanyi-Muehle-grob-fein-Pfeffer-Bunt-35g.html" title="Kotanyi Mühle grob/fein Pfeffer Bunt 35g">Kotanyi Mühle grob/fein Pfeffer Bunt 35g</a></p>
					<div class="article-list-item-price">
						<div class="article-list-item-price-inline">

							<span class="price"><a href="https://www.feinkost-aus-ungarn.de/de/Kotanyi/Kotanyi-Muehle-grob-fein-Pfeffer-Bunt-35g.html"> 2,99 EUR</a></span>
															<br>
								
																						<span class="small"> 85,43 EUR pro g<br></span>
													</div>
					</div>
				</div>
			</div>
		</div>

		
	
		<div class="article-list-item">
			<div class="article-list-item-inside">
				<div class="article-list-item-image">
									<span id="new_products_176" class="flyover_item"><a href="https://www.feinkost-aus-ungarn.de/de/Pannon-Tokaji/PANNON-TOKAJI-Tokaji-Szamorodni-trocken-Szaraz-0-5liter.html"><img src="images/product_images/thumbnail_images/tokajer-szamorodni-trocken.jpg" alt="PANNON-TOKAJI | Tokaji Szamorodni trocken/Szaraz 0,5liter" title="PANNON-TOKAJI | Tokaji Szamorodni trocken/Szaraz 0,5liter"></a></span>
								</div>
				<div class="article-list-item-text">
					<p class="title"><a href="https://www.feinkost-aus-ungarn.de/de/Pannon-Tokaji/PANNON-TOKAJI-Tokaji-Szamorodni-trocken-Szaraz-0-5liter.html" title="PANNON TOKAJI | Tokaji Szamorodni trocken/Szaraz 0,5liter">PANNON-TOKAJI | Tokaji Szamorodni...</a></p>
					<div class="article-list-item-price">
						<div class="article-list-item-price-inline">

							<span class="price"><a href="https://www.feinkost-aus-ungarn.de/de/Pannon-Tokaji/PANNON-TOKAJI-Tokaji-Szamorodni-trocken-Szaraz-0-5liter.html"> 12,49 EUR</a></span>
															<br>
								
																						<span class="small"> 24,98 EUR pro liter<br></span>
													</div>
					</div>
				</div>
			</div>
		</div>

		
	
		<div class="article-list-item">
			<div class="article-list-item-inside">
				<div class="article-list-item-image">
									<span id="new_products_172" class="flyover_item"><a href="https://www.feinkost-aus-ungarn.de/de/Pannon-Tokaji/Pannon-Tokaji-Tokajer-Harslevelue-Lindenblaettrige-halbsuess-2014-0-75l.html"><img src="images/product_images/thumbnail_images/Tokaji-Harrslevelue_2015.png" alt="Pannon Tokaji | Tokajer Hárslevelű (Lindenblättrige) halbsüss 2014 0,75l" title="Pannon Tokaji | Tokajer Hárslevelű (Lindenblättrige) halbsüss 2014 0,75l"></a></span>
								</div>
				<div class="article-list-item-text">
					<p class="title"><a href="https://www.feinkost-aus-ungarn.de/de/Pannon-Tokaji/Pannon-Tokaji-Tokajer-Harslevelue-Lindenblaettrige-halbsuess-2014-0-75l.html" title="Pannon Tokaji | Tokajer Hárslevelű (Lindenblättrige) halbsüss 2014 750 ml">Pannon Tokaji | Tokajer Hárslevelű...</a></p>
					<div class="article-list-item-price">
						<div class="article-list-item-price-inline">

							<span class="price"><a href="https://www.feinkost-aus-ungarn.de/de/Pannon-Tokaji/Pannon-Tokaji-Tokajer-Harslevelue-Lindenblaettrige-halbsuess-2014-0-75l.html"> 7,29 EUR</a></span>
															<br>
								
																						<span class="small"> 9,72 EUR pro liter<br></span>
													</div>
					</div>
				</div>
			</div>
		</div>

		
	
		<div class="article-list-item">
			<div class="article-list-item-inside">
				<div class="article-list-item-image">
									<span id="new_products_171" class="flyover_item"><a href="https://www.feinkost-aus-ungarn.de/de/Mangalica-Produkte/Schmalz-Natur-vom-Mangalitza-Wollschwein-800g.html"><img src="images/product_images/thumbnail_images/schmalz_natur_kl_1914.jpg" alt="Schmalz Natur vom Mangalitza Wollschwein | 750g" title="Schmalz Natur vom Mangalitza Wollschwein | 750g"></a></span>
								</div>
				<div class="article-list-item-text">
					<p class="title"><a href="https://www.feinkost-aus-ungarn.de/de/Mangalica-Produkte/Schmalz-Natur-vom-Mangalitza-Wollschwein-800g.html" title="Schmalz Natur vom Mangalitza Wollschwein | 800g,Das schmackhafte Fett des...">Schmalz Natur vom Mangalitza...</a></p>
					<div class="article-list-item-price">
						<div class="article-list-item-price-inline">

							<span class="price"><a href="https://www.feinkost-aus-ungarn.de/de/Mangalica-Produkte/Schmalz-Natur-vom-Mangalitza-Wollschwein-800g.html"> 8,99 EUR</a></span>
															<br>
								
																						<span class="small"> 11,99 EUR pro Kg<br></span>
													</div>
					</div>
				</div>
			</div>
		</div>

		
	
		<div class="article-list-item">
			<div class="article-list-item-inside">
				<div class="article-list-item-image">
									<span id="new_products_151" class="flyover_item"><a href="https://www.feinkost-aus-ungarn.de/de/Chili-Trade/CHILI-TRADE-Paprikapulver-im-Leinensack-Mild-Edes-1kg.html"><img src="images/product_images/thumbnail_images/paprikapulver_1_kg_mild_leinensack_fau_151_0.jpg" alt="CHILI TRADE | Paprikapulver im Leinensack Mild/Édes 1kg" title="CHILI TRADE | Paprikapulver im Leinensack Mild/Édes 1kg"></a></span>
								</div>
				<div class="article-list-item-text">
					<p class="title"><a href="https://www.feinkost-aus-ungarn.de/de/Chili-Trade/CHILI-TRADE-Paprikapulver-im-Leinensack-Mild-Edes-1kg.html" title="CHILI TRADE | Paprikapulver im Leinensack Mild/Édes 1kg">CHILI TRADE | Paprikapulver im...</a></p>
					<div class="article-list-item-price">
						<div class="article-list-item-price-inline">

							<span class="price"><a href="https://www.feinkost-aus-ungarn.de/de/Chili-Trade/CHILI-TRADE-Paprikapulver-im-Leinensack-Mild-Edes-1kg.html"> 19,99 EUR</a></span>
															<br>
								
																						<span class="small"> 19,99 EUR pro Kg<br></span>
													</div>
					</div>
				</div>
			</div>
		</div>

		
	
		<div class="article-list-item">
			<div class="article-list-item-inside">
				<div class="article-list-item-image">
									<span id="new_products_229" class="flyover_item"><a href="https://www.feinkost-aus-ungarn.de/de/Teigwaren/M-Gabiteszta-Kft/M-Gabiteszta-Eperlevel-Erdbeerblatt-mit-8-Eier-250g.html"><img src="images/product_images/thumbnail_images/M_Gabi_teszta_Eperlevél_250g.png" alt="M-Gabitészta | Eperlevél | Erdbeerblatt mit 8 Eier 250g" title="M-Gabitészta | Eperlevél | Erdbeerblatt mit 8 Eier 250g"></a></span>
								</div>
				<div class="article-list-item-text">
					<p class="title"><a href="https://www.feinkost-aus-ungarn.de/de/Teigwaren/M-Gabiteszta-Kft/M-Gabiteszta-Eperlevel-Erdbeerblatt-mit-8-Eier-250g.html" title="M-Gabitészta | Eperlevél | Erdbeerblatt mit 8 Eier 250g">M-Gabitészta | Eperlevél |...</a></p>
					<div class="article-list-item-price">
						<div class="article-list-item-price-inline">

							<span class="price"><a href="https://www.feinkost-aus-ungarn.de/de/Teigwaren/M-Gabiteszta-Kft/M-Gabiteszta-Eperlevel-Erdbeerblatt-mit-8-Eier-250g.html"> 3,99 EUR</a></span>
															<br>
								
																						<span class="small"> 15,96 EUR pro Kg<br></span>
													</div>
					</div>
				</div>
			</div>
		</div>

		
	
		<div class="article-list-item">
			<div class="article-list-item-inside">
				<div class="article-list-item-image">
									<span id="new_products_296" class="flyover_item"><a href="https://www.feinkost-aus-ungarn.de/de/Teigwaren/M-Gabiteszta-Kft/m-gabiteszta-fodros-nagykocka-mit-8-eier-250g.html"><img src="images/product_images/thumbnail_images/muti_fodros_nagykocka_8tojas-021.jpg" alt="M-Gabitészta | Fodros nagykocka | mit 8 Eier 250g" title="M-Gabitészta | Fodros nagykocka | mit 8 Eier 250g"></a></span>
								</div>
				<div class="article-list-item-text">
					<p class="title"><a href="https://www.feinkost-aus-ungarn.de/de/Teigwaren/M-Gabiteszta-Kft/m-gabiteszta-fodros-nagykocka-mit-8-eier-250g.html" title="M-Gabitészta | Fodros nagykocka | mit 8 Eier 250g, Házi Jellegü...">M-Gabitészta | Fodros nagykocka | mit...</a></p>
					<div class="article-list-item-price">
						<div class="article-list-item-price-inline">

							<span class="price"><a href="https://www.feinkost-aus-ungarn.de/de/Teigwaren/M-Gabiteszta-Kft/m-gabiteszta-fodros-nagykocka-mit-8-eier-250g.html"> 3,49 EUR</a></span>
															<br>
								
																						<span class="small"> 13,96 EUR pro Kg<br></span>
													</div>
					</div>
				</div>
			</div>
		</div>

		
	
		<div class="article-list-item">
			<div class="article-list-item-inside">
				<div class="article-list-item-image">
									<span id="new_products_276" class="flyover_item"><a href="https://www.feinkost-aus-ungarn.de/de/wildspezialitaeten-aus-ungarn/reh-kolbasz-aus-ungarn-ohne-zusatzstoffe.html"><img src="images/product_images/thumbnail_images/DSC_0267.JPG" alt="Reh Kolbasz aus Ungarn | ohne zusatzstoffe" title="Reh Kolbasz aus Ungarn | ohne zusatzstoffe"></a></span>
								</div>
				<div class="article-list-item-text">
					<p class="title"><a href="https://www.feinkost-aus-ungarn.de/de/wildspezialitaeten-aus-ungarn/reh-kolbasz-aus-ungarn-ohne-zusatzstoffe.html" title="Reh Kolbasz aus Ungarn | ohne zusatzstoffe,Kalapos Manufaktúra">Reh Kolbasz aus Ungarn | ohne...</a></p>
					<div class="article-list-item-price">
						<div class="article-list-item-price-inline">

							<span class="price"><a href="https://www.feinkost-aus-ungarn.de/de/wildspezialitaeten-aus-ungarn/reh-kolbasz-aus-ungarn-ohne-zusatzstoffe.html"> 8,49 EUR</a></span>
															<br>
								
																						<span class="small"> 21,23 EUR pro Kg<br></span>
													</div>
					</div>
				</div>
			</div>
		</div>

		
	
		<div class="article-list-item">
			<div class="article-list-item-inside">
				<div class="article-list-item-image">
									<span id="new_products_275" class="flyover_item"><a href="https://www.feinkost-aus-ungarn.de/de/wildspezialitaeten-aus-ungarn/hirsch-kolbasz-aus-ungarn-ohne-zusatzstoffe.html"><img src="images/product_images/thumbnail_images/IMG_20170320_134629.jpg" alt="Hirsch Kolbasz aus Ungarn | ohne zusatzstoffe" title="Hirsch Kolbasz aus Ungarn | ohne zusatzstoffe"></a></span>
								</div>
				<div class="article-list-item-text">
					<p class="title"><a href="https://www.feinkost-aus-ungarn.de/de/wildspezialitaeten-aus-ungarn/hirsch-kolbasz-aus-ungarn-ohne-zusatzstoffe.html" title="Hirsch Kolbasz aus Ungarn | ohne zusatzstoffe.">Hirsch Kolbasz aus Ungarn | ohne...</a></p>
					<div class="article-list-item-price">
						<div class="article-list-item-price-inline">

							<span class="price"><a href="https://www.feinkost-aus-ungarn.de/de/wildspezialitaeten-aus-ungarn/hirsch-kolbasz-aus-ungarn-ohne-zusatzstoffe.html"> 8,49 EUR</a></span>
															<br>
								
																						<span class="small"> 21,23 EUR pro Kg<br></span>
													</div>
					</div>
				</div>
			</div>
		</div>

		
	
		<div class="article-list-item">
			<div class="article-list-item-inside">
				<div class="article-list-item-image">
									<span id="new_products_274" class="flyover_item"><a href="https://www.feinkost-aus-ungarn.de/de/Kotanyi/kotanyi-grill-barbecue-80g-streuer.html"><img src="images/product_images/thumbnail_images/grill-barbecue-429053-de.jpg" alt="KOTÁNYI GRill &quot;Barbecue&quot;  80g  Streuer" title="KOTÁNYI GRill &quot;Barbecue&quot;  80g  Streuer"></a></span>
								</div>
				<div class="article-list-item-text">
					<p class="title"><a href="https://www.feinkost-aus-ungarn.de/de/Kotanyi/kotanyi-grill-barbecue-80g-streuer.html" title="KOTÁNYI GRill &quot;Barbecue&quot;  80g - Streuer in der Dose
KOTÁNYI Grill Barbecue...">KOTÁNYI GRill "Barbecue"...</a></p>
					<div class="article-list-item-price">
						<div class="article-list-item-price-inline">

							<span class="price"><a href="https://www.feinkost-aus-ungarn.de/de/Kotanyi/kotanyi-grill-barbecue-80g-streuer.html"> 1,99 EUR</a></span>
															<br>
								
																						<span class="small"> 24,88 EUR pro Kg<br></span>
													</div>
					</div>
				</div>
			</div>
		</div>

		
	
		<div class="article-list-item">
			<div class="article-list-item-inside">
				<div class="article-list-item-image">
									<span id="new_products_273" class="flyover_item"><a href="https://www.feinkost-aus-ungarn.de/de/Chili-Trade/pokoljaro-extra-scharfe-chili-paprikacreme-140g-chili-trade.html"><img src="images/product_images/thumbnail_images/Chili_krem_feinkost_aus_ungarn.png" alt="Pokoljáró - &quot;EXTRA SCHARFE&quot; Chili Paprikacreme 140g | Chili Trade" title="Pokoljáró - &quot;EXTRA SCHARFE&quot; Chili Paprikacreme 140g | Chili Trade"></a></span>
								</div>
				<div class="article-list-item-text">
					<p class="title"><a href="https://www.feinkost-aus-ungarn.de/de/Chili-Trade/pokoljaro-extra-scharfe-chili-paprikacreme-140g-chili-trade.html" title="Pokoljáró - &quot;EXTRA SCHARFE&quot; Chili Paprikacreme 140g | Chili Trade">Pokoljáró - "EXTRA SCHARFE"...</a></p>
					<div class="article-list-item-price">
						<div class="article-list-item-price-inline">

							<span class="price"><a href="https://www.feinkost-aus-ungarn.de/de/Chili-Trade/pokoljaro-extra-scharfe-chili-paprikacreme-140g-chili-trade.html"> 5,49 EUR</a></span>
															<br>
								
																						<span class="small"> 39,21 EUR pro Kg<br></span>
													</div>
					</div>
				</div>
			</div>
		</div>

		
	
		<div class="article-list-item">
			<div class="article-list-item-inside">
				<div class="article-list-item-image">
									<span id="new_products_269" class="flyover_item"><a href="https://www.feinkost-aus-ungarn.de/de/liszt-szekszardi-bikaver-2013-0-75-liter-alk-13-vol.html"><img src="images/product_images/thumbnail_images/Szekszardi_Bikavér.jpg" alt="LISZT | Szekszárdi Bikavér 2013 0.75 liter alk: 13%vol" title="LISZT | Szekszárdi Bikavér 2013 0.75 liter alk: 13%vol"></a></span>
								</div>
				<div class="article-list-item-text">
					<p class="title"><a href="https://www.feinkost-aus-ungarn.de/de/liszt-szekszardi-bikaver-2013-0-75-liter-alk-13-vol.html" title="LISZT | Szekszárdi Bikavér 2013 0.75 liter alk: 13%vol">LISZT | Szekszárdi Bikavér 2013 0.75...</a></p>
					<div class="article-list-item-price">
						<div class="article-list-item-price-inline">

							<span class="price"><a href="https://www.feinkost-aus-ungarn.de/de/liszt-szekszardi-bikaver-2013-0-75-liter-alk-13-vol.html"> 7,99 EUR</a></span>
															<br>
								
																						<span class="small"> 11,41 EUR pro liter<br></span>
													</div>
					</div>
				</div>
			</div>
		</div>

		
	
		<div class="article-list-item">
			<div class="article-list-item-inside">
				<div class="article-list-item-image">
									<span id="new_products_268" class="flyover_item"><a href="https://www.feinkost-aus-ungarn.de/de/Univer-Zrt/univer-senf-scharf-160g.html"><img src="images/product_images/thumbnail_images/Csipos-Mustar-160g.jpg" alt="Univer Senf SCHARF 160g | Mustár" title="Univer Senf SCHARF 160g | Mustár"></a></span>
								</div>
				<div class="article-list-item-text">
					<p class="title"><a href="https://www.feinkost-aus-ungarn.de/de/Univer-Zrt/univer-senf-scharf-160g.html" title="MUSTÁR,Univer Senf SCHARF 160g,
Dieser Senf von Univer ist einer der...">Univer Senf SCHARF 160g | Mustár</a></p>
					<div class="article-list-item-price">
						<div class="article-list-item-price-inline">

							<span class="price"><a href="https://www.feinkost-aus-ungarn.de/de/Univer-Zrt/univer-senf-scharf-160g.html"> 1,59 EUR</a></span>
															<br>
								
																						<span class="small"> 9,94 EUR pro g<br></span>
													</div>
					</div>
				</div>
			</div>
		</div>

		
	
		<div class="article-list-item">
			<div class="article-list-item-inside">
				<div class="article-list-item-image">
									<span id="new_products_265" class="flyover_item"><a href="https://www.feinkost-aus-ungarn.de/de/Gyulahus/Gyulai-extra-scharfe-Paprikawurst-300-g.html"><img src="images/product_images/thumbnail_images/extra erős kolbász lédig 2 cimkés_0853_0.jpg" alt="Gyulai extra scharfe Paprikawurst 300 g | Gyulai Extra Erős Kolbász" title="Gyulai extra scharfe Paprikawurst 300 g | Gyulai Extra Erős Kolbász"></a></span>
								</div>
				<div class="article-list-item-text">
					<p class="title"><a href="https://www.feinkost-aus-ungarn.de/de/Gyulahus/Gyulai-extra-scharfe-Paprikawurst-300-g.html" title="Gyulai extra scharfe Paprikawurst 300 g
Gyulai Extra Erős Kolbász">Gyulai extra scharfe Paprikawurst 300...</a></p>
					<div class="article-list-item-price">
						<div class="article-list-item-price-inline">

							<span class="price"><a href="https://www.feinkost-aus-ungarn.de/de/Gyulahus/Gyulai-extra-scharfe-Paprikawurst-300-g.html"> 6,99 EUR</a></span>
															<br>
								
																						<span class="small"> 23,30 EUR pro Kg<br></span>
													</div>
					</div>
				</div>
			</div>
		</div>

		
	
		<div class="article-list-item">
			<div class="article-list-item-inside">
				<div class="article-list-item-image">
									<span id="new_products_266" class="flyover_item"><a href="https://www.feinkost-aus-ungarn.de/de/minicat-zizi-top-puffasztott-rizs-vegyes-80g.html"><img src="images/product_images/thumbnail_images/Zizi_top_mini_cat.jpg" alt="Minicat Zizi-Top puffasztott rizs vegyes 80g" title="Minicat Zizi-Top puffasztott rizs vegyes 80g"></a></span>
								</div>
				<div class="article-list-item-text">
					<p class="title"><a href="https://www.feinkost-aus-ungarn.de/de/minicat-zizi-top-puffasztott-rizs-vegyes-80g.html" title="Minicat Zizi-Top puffasztott rizs vegyes  gyümölcsizu cukorbevonattal 80g">Minicat Zizi-Top puffasztott rizs...</a></p>
					<div class="article-list-item-price">
						<div class="article-list-item-price-inline">

							<span class="price"><a href="https://www.feinkost-aus-ungarn.de/de/minicat-zizi-top-puffasztott-rizs-vegyes-80g.html"> 2,09 EUR</a></span>
															<br>
								
																						<span class="small"> 26,13 EUR pro Kg<br></span>
													</div>
					</div>
				</div>
			</div>
		</div>

		
	
		<div class="article-list-item">
			<div class="article-list-item-inside">
				<div class="article-list-item-image">
									<span id="new_products_263" class="flyover_item"><a href="https://www.feinkost-aus-ungarn.de/de/Gyulahus/gyulai-geschnittene-rindersalami-70-g.html"><img src="images/product_images/thumbnail_images/Rindersalami.jpg" alt="Gyulai geschnittene Rindersalami 70 g" title="Gyulai geschnittene Rindersalami 70 g"></a></span>
								</div>
				<div class="article-list-item-text">
					<p class="title"><a href="https://www.feinkost-aus-ungarn.de/de/Gyulahus/gyulai-geschnittene-rindersalami-70-g.html" title="Gyulai geschnittene Rindersalami 70 g,
Marha szalámi">Gyulai geschnittene Rindersalami 70 g</a></p>
					<div class="article-list-item-price">
						<div class="article-list-item-price-inline">

							<span class="price"><a href="https://www.feinkost-aus-ungarn.de/de/Gyulahus/gyulai-geschnittene-rindersalami-70-g.html"> 2,99 EUR</a></span>
															<br>
								
																						<span class="small"> 42,71 EUR pro Kg<br></span>
													</div>
					</div>
				</div>
			</div>
		</div>

		
	
		<div class="article-list-item">
			<div class="article-list-item-inside">
				<div class="article-list-item-image">
									<span id="new_products_262" class="flyover_item"><a href="https://www.feinkost-aus-ungarn.de/de/Kotanyi/kotanyi-chipotle-smoked-chili-49g.html"><img src="images/product_images/thumbnail_images/kotanyi-chipotle-smoked-chili-81473-de.jpg" alt="KOTÁNYI Chipotle Smoked Chili 49g" title="KOTÁNYI Chipotle Smoked Chili 49g"></a></span>
								</div>
				<div class="article-list-item-text">
					<p class="title"><a href="https://www.feinkost-aus-ungarn.de/de/Kotanyi/kotanyi-chipotle-smoked-chili-49g.html">KOTÁNYI Chipotle Smoked Chili 49g</a></p>
					<div class="article-list-item-price">
						<div class="article-list-item-price-inline">

							<span class="price"><a href="https://www.feinkost-aus-ungarn.de/de/Kotanyi/kotanyi-chipotle-smoked-chili-49g.html"> 3,99 EUR</a></span>
															<br>
								
																						<span class="small"> 0,08 EUR pro g<br></span>
													</div>
					</div>
				</div>
			</div>
		</div>

		
	
		<div class="article-list-item">
			<div class="article-list-item-inside">
				<div class="article-list-item-image">
									<span id="new_products_288" class="flyover_item"><a href="https://www.feinkost-aus-ungarn.de/de/Univer-Zrt/univer-eroes-pista-5-kg-scharfe-paprikapaste-fuer-die-gastronomie-grosshandel.html"><img src="images/product_images/thumbnail_images/Eroes_pista_5kg_ufeinko.png" alt="UNIVER | Erös Pista 5 kg - scharfe Paprikapaste für die Gastronomie/Grosshandel" title="UNIVER | Erös Pista 5 kg - scharfe Paprikapaste für die Gastronomie/Grosshandel"></a></span>
								</div>
				<div class="article-list-item-text">
					<p class="title"><a href="https://www.feinkost-aus-ungarn.de/de/Univer-Zrt/univer-eroes-pista-5-kg-scharfe-paprikapaste-fuer-die-gastronomie-grosshandel.html" title="UNIVER | Erös Pista 5 kg - scharfe Paprikapaste für die Gastronomie/Grosshandel">UNIVER | Erös Pista 5 kg - scharfe...</a></p>
					<div class="article-list-item-price">
						<div class="article-list-item-price-inline">

							<span class="price"><a href="https://www.feinkost-aus-ungarn.de/de/Univer-Zrt/univer-eroes-pista-5-kg-scharfe-paprikapaste-fuer-die-gastronomie-grosshandel.html"> 35,99 EUR</a></span>
															<br>
								
																						<span class="small"> 7,20 EUR pro Kg<br></span>
													</div>
					</div>
				</div>
			</div>
		</div>

		
	
		<div class="article-list-item">
			<div class="article-list-item-inside">
				<div class="article-list-item-image">
									<span id="new_products_260" class="flyover_item"><a href="https://www.feinkost-aus-ungarn.de/de/Sonstiges/koifutter-basic-mix-allround-ganzjahresfutter-6mm-15kg.html"><img src="images/product_images/thumbnail_images/IMG_4058.jpg" alt="Koifutter Basic Mix (Allround) Ganzjahresfutter 6mm 15kg" title="Koifutter Basic Mix (Allround) Ganzjahresfutter 6mm 15kg"></a></span>
								</div>
				<div class="article-list-item-text">
					<p class="title"><a href="https://www.feinkost-aus-ungarn.de/de/Sonstiges/koifutter-basic-mix-allround-ganzjahresfutter-6mm-15kg.html" title="Koifutter Basic Mix (Allround) Ganzjahresfutter 6mm 15kg ,Ganzjahres...">Koifutter Basic Mix (Allround)...</a></p>
					<div class="article-list-item-price">
						<div class="article-list-item-price-inline">

							<span class="price"><a href="https://www.feinkost-aus-ungarn.de/de/Sonstiges/koifutter-basic-mix-allround-ganzjahresfutter-6mm-15kg.html"> 47,99 EUR</a></span>
															<br>
								
																						<span class="small"> 3,20 EUR pro Kg<br></span>
													</div>
					</div>
				</div>
			</div>
		</div>

		
	
		<div class="article-list-item">
			<div class="article-list-item-inside">
				<div class="article-list-item-image">
									<span id="new_products_277" class="flyover_item"><a href="https://www.feinkost-aus-ungarn.de/de/Univer-Zrt/univer-mayonnaise-mit-meerrettich-tube-160g.html"><img src="images/product_images/thumbnail_images/Meerrettich-Mayonnaise_160g_ml.jpg" alt="UNIVER | Mayonnaise mit Meerrettich Tube 160g" title="UNIVER | Mayonnaise mit Meerrettich Tube 160g"></a></span>
								</div>
				<div class="article-list-item-text">
					<p class="title"><a href="https://www.feinkost-aus-ungarn.de/de/Univer-Zrt/univer-mayonnaise-mit-meerrettich-tube-160g.html" title="UNIVER | Mayonnaise mit Meerrettich Tube 160g,Die Univer Mayonnaise ist seit...">UNIVER | Mayonnaise mit Meerrettich...</a></p>
					<div class="article-list-item-price">
						<div class="article-list-item-price-inline">

							<span class="price"><a href="https://www.feinkost-aus-ungarn.de/de/Univer-Zrt/univer-mayonnaise-mit-meerrettich-tube-160g.html"> 1,79 EUR</a></span>
															<br>
								
																						<span class="small"> 11,19 EUR pro Kg<br></span>
													</div>
					</div>
				</div>
			</div>
		</div>

		
	
		<div class="article-list-item">
			<div class="article-list-item-inside">
				<div class="article-list-item-image">
									<span id="new_products_278" class="flyover_item"><a href="https://www.feinkost-aus-ungarn.de/de/Teigwaren/M-Gabiteszta-Kft/M-Gabiteszta-Hazi-Jellegue-Szaraztezta-Teigwaren-mit-8-Eier-250g.html"><img src="images/product_images/thumbnail_images/muti_lebbencs_8tojas-03.jpg" alt="M-Gabitészta | Házi Jellegü-Száraztészta | Teigwaren mit 8 Eier 250g" title="M-Gabitészta | Házi Jellegü-Száraztészta | Teigwaren mit 8 Eier 250g"></a></span>
								</div>
				<div class="article-list-item-text">
					<p class="title"><a href="https://www.feinkost-aus-ungarn.de/de/Teigwaren/M-Gabiteszta-Kft/M-Gabiteszta-Hazi-Jellegue-Szaraztezta-Teigwaren-mit-8-Eier-250g.html" title="M-Gabitészta | Házi Jellegü-Száraztészta | Lebbencs | Teigwaren mit 8 Eier...">M-Gabitészta | Házi...</a></p>
					<div class="article-list-item-price">
						<div class="article-list-item-price-inline">

							<span class="price"><a href="https://www.feinkost-aus-ungarn.de/de/Teigwaren/M-Gabiteszta-Kft/M-Gabiteszta-Hazi-Jellegue-Szaraztezta-Teigwaren-mit-8-Eier-250g.html"> 3,99 EUR</a></span>
															<br>
								
																						<span class="small"> 15,96 EUR pro Kg<br></span>
													</div>
					</div>
				</div>
			</div>
		</div>

		
	
		<div class="article-list-item">
			<div class="article-list-item-inside">
				<div class="article-list-item-image">
									<span id="new_products_295" class="flyover_item"><a href="https://www.feinkost-aus-ungarn.de/de/Pick-Szeged-Zrt-/pick-echt-ungarische-paprika-salami-peitsche-180g.html"><img src="images/product_images/thumbnail_images/PICK-Echt-ungarische-Paprika-Peitsche-180g.png" alt="PICK | Echt Ungarische Paprika Salami-Peitsche 180g" title="PICK | Echt Ungarische Paprika Salami-Peitsche 180g"></a></span>
								</div>
				<div class="article-list-item-text">
					<p class="title"><a href="https://www.feinkost-aus-ungarn.de/de/Pick-Szeged-Zrt-/pick-echt-ungarische-paprika-salami-peitsche-180g.html" title="PICK | Echt Ungarische Paprika Salami-Peitsche 180g, Die echt ungarischen...">PICK | Echt Ungarische Paprika...</a></p>
					<div class="article-list-item-price">
						<div class="article-list-item-price-inline">

							<span class="price"><a href="https://www.feinkost-aus-ungarn.de/de/Pick-Szeged-Zrt-/pick-echt-ungarische-paprika-salami-peitsche-180g.html"> 3,99 EUR</a></span>
															<br>
								
																						<span class="small"> 22,17 EUR pro Kg<br></span>
													</div>
					</div>
				</div>
			</div>
		</div>

		
	
		<div class="article-list-item">
			<div class="article-list-item-inside">
				<div class="article-list-item-image">
									<span id="new_products_294" class="flyover_item"><a href="https://www.feinkost-aus-ungarn.de/de/Pick-Szeged-Zrt-/pick-echt-ungarische-balaton-salami-200g.html"><img src="images/product_images/thumbnail_images/15750-PICK-Echt-ungarische-Balaton-Salami-200g.png" alt="PICK | Echt Ungarische Balaton Salami 200g" title="PICK | Echt Ungarische Balaton Salami 200g"></a></span>
								</div>
				<div class="article-list-item-text">
					<p class="title"><a href="https://www.feinkost-aus-ungarn.de/de/Pick-Szeged-Zrt-/pick-echt-ungarische-balaton-salami-200g.html" title="PICK | Echt Ungarische Balaton Salami 200g, Das Rezept für diese milde...">PICK | Echt Ungarische Balaton Salami...</a></p>
					<div class="article-list-item-price">
						<div class="article-list-item-price-inline">

							<span class="price"><a href="https://www.feinkost-aus-ungarn.de/de/Pick-Szeged-Zrt-/pick-echt-ungarische-balaton-salami-200g.html"> 3,49 EUR</a></span>
															<br>
								
																						<span class="small"> 17,45 EUR pro Kg<br></span>
													</div>
					</div>
				</div>
			</div>
		</div>

		
	
		<div class="article-list-item">
			<div class="article-list-item-inside">
				<div class="article-list-item-image">
									<span id="new_products_293" class="flyover_item"><a href="https://www.feinkost-aus-ungarn.de/de/Sonstiges/kaffee-chaqwa/chaqwa-kaffee-spezial-1000-g.html"><img src="images/product_images/thumbnail_images/Spezial_1000g.jpg" alt="Chaqwa Kaffee &quot;Spezial&quot; 1000 g" title="Chaqwa Kaffee &quot;Spezial&quot; 1000 g"></a></span>
								</div>
				<div class="article-list-item-text">
					<p class="title"><a href="https://www.feinkost-aus-ungarn.de/de/Sonstiges/kaffee-chaqwa/chaqwa-kaffee-spezial-1000-g.html" title="Chaqwa Kaffee &quot;Spezial&quot; 1000 g
CHAQWA Spezial ist für die besonderen...">Chaqwa Kaffee "Spezial" 1000 g</a></p>
					<div class="article-list-item-price">
						<div class="article-list-item-price-inline">

							<span class="price"><a href="https://www.feinkost-aus-ungarn.de/de/Sonstiges/kaffee-chaqwa/chaqwa-kaffee-spezial-1000-g.html"> 18,99 EUR</a></span>
															<br>
								
																						<span class="small"> 18,99 EUR pro Kg<br></span>
													</div>
					</div>
				</div>
			</div>
		</div>

		
	
		<div class="article-list-item">
			<div class="article-list-item-inside">
				<div class="article-list-item-image">
									<span id="new_products_292" class="flyover_item"><a href="https://www.feinkost-aus-ungarn.de/de/Sonstiges/kaffee-chaqwa/chaqwa-kaffee-exklusiv-bio-1000-g.html"><img src="images/product_images/thumbnail_images/Exklusiv_1000g.jpg" alt="Chaqwa Kaffee &quot;Exklusiv&quot; BIO 1000 g" title="Chaqwa Kaffee &quot;Exklusiv&quot; BIO 1000 g"></a></span>
								</div>
				<div class="article-list-item-text">
					<p class="title"><a href="https://www.feinkost-aus-ungarn.de/de/Sonstiges/kaffee-chaqwa/chaqwa-kaffee-exklusiv-bio-1000-g.html" title="Chaqwa Kaffee &quot;Exklusiv&quot; BIO 1000 g,
CHAQWA Exklusiv besteht zu 100% aus...">Chaqwa Kaffee "Exklusiv"...</a></p>
					<div class="article-list-item-price">
						<div class="article-list-item-price-inline">

							<span class="price"><a href="https://www.feinkost-aus-ungarn.de/de/Sonstiges/kaffee-chaqwa/chaqwa-kaffee-exklusiv-bio-1000-g.html"> 19,99 EUR</a></span>
															<br>
								
																				</div>
					</div>
				</div>
			</div>
		</div>

		
	
		<div class="article-list-item">
			<div class="article-list-item-inside">
				<div class="article-list-item-image">
									<span id="new_products_291" class="flyover_item"><a href="https://www.feinkost-aus-ungarn.de/de/Pick-Szeged-Zrt-/pick-echt-ungarischer-pannonschinken-gekocht-und-geraeuchert.html"><img src="images/product_images/thumbnail_images/pick-ungarischer-pannonschinken-gekocht-geraeuchert-1400g.png" alt="PICK | Echt Ungarischer Pannonschinken gekocht und geräuchert" title="PICK | Echt Ungarischer Pannonschinken gekocht und geräuchert"></a></span>
								</div>
				<div class="article-list-item-text">
					<p class="title"><a href="https://www.feinkost-aus-ungarn.de/de/Pick-Szeged-Zrt-/pick-echt-ungarischer-pannonschinken-gekocht-und-geraeuchert.html" title="PICK | Echt Ungarischer Pannonschinken gekocht und geräuchert ca.1,4 kg...">PICK | Echt Ungarischer...</a></p>
					<div class="article-list-item-price">
						<div class="article-list-item-price-inline">

							<span class="price"><a href="https://www.feinkost-aus-ungarn.de/de/Pick-Szeged-Zrt-/pick-echt-ungarischer-pannonschinken-gekocht-und-geraeuchert.html"> 15,99 EUR</a></span>
															<br>
								
																						<span class="small"> 11,42 EUR pro Kg<br></span>
													</div>
					</div>
				</div>
			</div>
		</div>

		
	
		<div class="article-list-item">
			<div class="article-list-item-inside">
				<div class="article-list-item-image">
									<span id="new_products_289" class="flyover_item"><a href="https://www.feinkost-aus-ungarn.de/de/Univer-Zrt/univer-eroes-pista-2-6-kg-scharfe-paprikapaste-fuer-die-gastronomie-grosshandel.html"><img src="images/product_images/thumbnail_images/Univer_eroes_pista_2_6_kg.jpg" alt="UNIVER | Erös Pista 2,6 kg - scharfe Paprikapaste für die Gastronomie/Grosshandel" title="UNIVER | Erös Pista 2,6 kg - scharfe Paprikapaste für die Gastronomie/Grosshandel"></a></span>
								</div>
				<div class="article-list-item-text">
					<p class="title"><a href="https://www.feinkost-aus-ungarn.de/de/Univer-Zrt/univer-eroes-pista-2-6-kg-scharfe-paprikapaste-fuer-die-gastronomie-grosshandel.html" title="UNIVER | Erös Pista 2,6 kg - scharfe Paprikapaste für die...">UNIVER | Erös Pista 2,6 kg - scharfe...</a></p>
					<div class="article-list-item-price">
						<div class="article-list-item-price-inline">

							<span class="price"><a href="https://www.feinkost-aus-ungarn.de/de/Univer-Zrt/univer-eroes-pista-2-6-kg-scharfe-paprikapaste-fuer-die-gastronomie-grosshandel.html"> 17,99 EUR</a></span>
															<br>
								
																						<span class="small"> 6,92 EUR pro Kg<br></span>
													</div>
					</div>
				</div>
			</div>
		</div>

		
	
		<div class="article-list-item">
			<div class="article-list-item-inside">
				<div class="article-list-item-image">
									<span id="new_products_286" class="flyover_item"><a href="https://www.feinkost-aus-ungarn.de/de/gutscheine/gutschein-20-feinkost-aus-ungarn-de-mack.html"><img src="images/product_images/thumbnail_images/Klappkarten_DIN_LANG_Gutscheine_vorder_3.jpg" alt="Gutschein 20€ |  Feinkost-aus-Ungarn.de ® MACK" title="Gutschein 20€ |  Feinkost-aus-Ungarn.de ® MACK"></a></span>
								</div>
				<div class="article-list-item-text">
					<p class="title"><a href="https://www.feinkost-aus-ungarn.de/de/gutscheine/gutschein-20-feinkost-aus-ungarn-de-mack.html" title="Gutschein 20€ |  Feinkost-aus-Ungarn.de ® MACK,
verschenken Sie Ihren...">Gutschein 20€ |...</a></p>
					<div class="article-list-item-price">
						<div class="article-list-item-price-inline">

							<span class="price"><a href="https://www.feinkost-aus-ungarn.de/de/gutscheine/gutschein-20-feinkost-aus-ungarn-de-mack.html"> 20,00 EUR</a></span>
															<br>
								
																						<span class="small"> 20,00 EUR pro stück<br></span>
													</div>
					</div>
				</div>
			</div>
		</div>

		
	
		<div class="article-list-item">
			<div class="article-list-item-inside">
				<div class="article-list-item-image">
									<span id="new_products_285" class="flyover_item"><a href="https://www.feinkost-aus-ungarn.de/de/gutscheine/gutschein-15-feinkost-aus-ungarn-de-mack.html"><img src="images/product_images/thumbnail_images/Klappkarten_DIN_LANG_Gutscheine_vorder_2.jpg" alt="Gutschein 15€ | Feinkost-aus-Ungarn.de ® MACK" title="Gutschein 15€ | Feinkost-aus-Ungarn.de ® MACK"></a></span>
								</div>
				<div class="article-list-item-text">
					<p class="title"><a href="https://www.feinkost-aus-ungarn.de/de/gutscheine/gutschein-15-feinkost-aus-ungarn-de-mack.html" title="Gutschein 15€ | Feinkost-aus-Ungarn.de ® MACK">Gutschein 15€ |...</a></p>
					<div class="article-list-item-price">
						<div class="article-list-item-price-inline">

							<span class="price"><a href="https://www.feinkost-aus-ungarn.de/de/gutscheine/gutschein-15-feinkost-aus-ungarn-de-mack.html"> 15,00 EUR</a></span>
															<br>
								
																						<span class="small"> 15,00 EUR pro stück<br></span>
													</div>
					</div>
				</div>
			</div>
		</div>

		
	
		<div class="article-list-item">
			<div class="article-list-item-inside">
				<div class="article-list-item-image">
									<span id="new_products_284" class="flyover_item"><a href="https://www.feinkost-aus-ungarn.de/de/gutscheine/gutschein-50-feinkost-aus-ungarn-de-mack.html"><img src="images/product_images/thumbnail_images/Klappkarten_DIN_LANG_Gutscheine_vorder_1.jpg" alt="Gutschein 50€ | Feinkost-aus-Ungarn.de ® MACK" title="Gutschein 50€ | Feinkost-aus-Ungarn.de ® MACK"></a></span>
								</div>
				<div class="article-list-item-text">
					<p class="title"><a href="https://www.feinkost-aus-ungarn.de/de/gutscheine/gutschein-50-feinkost-aus-ungarn-de-mack.html" title="Gutschein 50€ | Feinkost-aus-Ungarn.de ® MACK">Gutschein 50€ |...</a></p>
					<div class="article-list-item-price">
						<div class="article-list-item-price-inline">

							<span class="price"><a href="https://www.feinkost-aus-ungarn.de/de/gutscheine/gutschein-50-feinkost-aus-ungarn-de-mack.html"> 50,00 EUR</a></span>
															<br>
								
																						<span class="small"> 50,00 EUR pro stück<br></span>
													</div>
					</div>
				</div>
			</div>
		</div>

		
	
		<div class="article-list-item">
			<div class="article-list-item-inside">
				<div class="article-list-item-image">
									<span id="new_products_283" class="flyover_item"><a href="https://www.feinkost-aus-ungarn.de/de/gutscheine/gutschein-5-feinkost-aus-ungarn-de-mack.html"><img src="images/product_images/thumbnail_images/Klappkarten_DIN_LANG_Gutscheine_vorder_0.jpg" alt="Gutschein 5€ | Feinkost-aus-Ungarn.de ® MACK" title="Gutschein 5€ | Feinkost-aus-Ungarn.de ® MACK"></a></span>
								</div>
				<div class="article-list-item-text">
					<p class="title"><a href="https://www.feinkost-aus-ungarn.de/de/gutscheine/gutschein-5-feinkost-aus-ungarn-de-mack.html" title="Gutschein 5€ | Feinkost-aus-Ungarn.de ® MACK">Gutschein 5€ | Feinkost-aus-Ungarn.de...</a></p>
					<div class="article-list-item-price">
						<div class="article-list-item-price-inline">

							<span class="price"><a href="https://www.feinkost-aus-ungarn.de/de/gutscheine/gutschein-5-feinkost-aus-ungarn-de-mack.html"> 5,00 EUR</a></span>
															<br>
								
																						<span class="small"> 5,00 EUR pro stück<br></span>
													</div>
					</div>
				</div>
			</div>
		</div>

		
	
		<div class="article-list-item">
			<div class="article-list-item-inside">
				<div class="article-list-item-image">
									<span id="new_products_282" class="flyover_item"><a href="https://www.feinkost-aus-ungarn.de/de/Feinkost-aus-Ungarn/gutschein-10-feinkost-aus-ungarn-de-mack.html"><img src="images/product_images/thumbnail_images/Klappkarten_DIN_LANG_Gutscheine_vorder.jpg" alt="Gutschein 10€ |  Feinkost-aus-Ungarn.de ® MACK" title="Gutschein 10€ |  Feinkost-aus-Ungarn.de ® MACK"></a></span>
								</div>
				<div class="article-list-item-text">
					<p class="title"><a href="https://www.feinkost-aus-ungarn.de/de/Feinkost-aus-Ungarn/gutschein-10-feinkost-aus-ungarn-de-mack.html" title="Geschenk-Gutschein 10€ |  Feinkost-aus-Ungarn.de ® MACK">Gutschein 10€ |...</a></p>
					<div class="article-list-item-price">
						<div class="article-list-item-price-inline">

							<span class="price"><a href="https://www.feinkost-aus-ungarn.de/de/Feinkost-aus-Ungarn/gutschein-10-feinkost-aus-ungarn-de-mack.html"> 10,00 EUR</a></span>
															<br>
								
																						<span class="small"> 10,00 EUR pro stück<br></span>
													</div>
					</div>
				</div>
			</div>
		</div>

		
	
		<div class="article-list-item">
			<div class="article-list-item-inside">
				<div class="article-list-item-image">
									<span id="new_products_281" class="flyover_item"><a href="https://www.feinkost-aus-ungarn.de/de/Sonstiges/kaffee-chaqwa/chaqwa-cafe-crema-1000-g-roestkaffee-ganze-bohnen.html"><img src="images/product_images/thumbnail_images/CafeCrema_1000g.jpg" alt="CHAQWA Café Crema, 1000 g | RÖSTKAFFEE-GANZE BOHNEN" title="CHAQWA Café Crema, 1000 g | RÖSTKAFFEE-GANZE BOHNEN"></a></span>
								</div>
				<div class="article-list-item-text">
					<p class="title"><a href="https://www.feinkost-aus-ungarn.de/de/Sonstiges/kaffee-chaqwa/chaqwa-cafe-crema-1000-g-roestkaffee-ganze-bohnen.html" title="CHAQWA Café Crema, 1000 g |RÖSTKAFFEE-GANZE BOHNEN, Die Sorte CHAQWA Café...">CHAQWA Café Crema, 1000 g |...</a></p>
					<div class="article-list-item-price">
						<div class="article-list-item-price-inline">

							<span class="price"><a href="https://www.feinkost-aus-ungarn.de/de/Sonstiges/kaffee-chaqwa/chaqwa-cafe-crema-1000-g-roestkaffee-ganze-bohnen.html"> 17,99 EUR</a></span>
															<br>
								
																						<span class="small"> 17,99 EUR pro Kg<br></span>
													</div>
					</div>
				</div>
			</div>
		</div>

		
	
		<div class="article-list-item">
			<div class="article-list-item-inside">
				<div class="article-list-item-image">
									<span id="new_products_259" class="flyover_item"><a href="https://www.feinkost-aus-ungarn.de/de/borsodi-vilagos-soer-ungarisches-bier-0-5-liter-4-5-v-v.html"><img src="images/product_images/thumbnail_images/Borsodi_bier.jpg" alt="BORSODI Világos Sör - Ungarisches Bier 0,5 liter 4,5% (V/V)" title="BORSODI Világos Sör - Ungarisches Bier 0,5 liter 4,5% (V/V)"></a></span>
								</div>
				<div class="article-list-item-text">
					<p class="title"><a href="https://www.feinkost-aus-ungarn.de/de/borsodi-vilagos-soer-ungarisches-bier-0-5-liter-4-5-v-v.html" title="BORSODI Világos Sör - Ungarisches Bier 0,5 liter 4,5% (V/V)">BORSODI Világos Sör - Ungarisches...</a></p>
					<div class="article-list-item-price">
						<div class="article-list-item-price-inline">

							<span class="price"><a href="https://www.feinkost-aus-ungarn.de/de/borsodi-vilagos-soer-ungarisches-bier-0-5-liter-4-5-v-v.html"> 2,95 EUR</a></span>
															<br>
								
																						<span class="small"> 5,90 EUR pro liter<br></span>
													</div>
					</div>
				</div>
			</div>
		</div>

		
	
		<div class="article-list-item">
			<div class="article-list-item-inside">
				<div class="article-list-item-image">
									<span id="new_products_258" class="flyover_item"><a href="https://www.feinkost-aus-ungarn.de/de/delikat-gewuerzmischung-1kg.html"><img src="images/product_images/thumbnail_images/Delikat 1_kg_1.jpeg" alt="Delikat Gewürzmischung - 1kg" title="Delikat Gewürzmischung - 1kg"></a></span>
								</div>
				<div class="article-list-item-text">
					<p class="title"><a href="https://www.feinkost-aus-ungarn.de/de/delikat-gewuerzmischung-1kg.html" title="Delikat Würzmischung 1000g
Ételizesitö
Sie können so ziemlich alles außer...">Delikat Gewürzmischung - 1kg</a></p>
					<div class="article-list-item-price">
						<div class="article-list-item-price-inline">

							<span class="price"><a href="https://www.feinkost-aus-ungarn.de/de/delikat-gewuerzmischung-1kg.html"> 13,99 EUR</a></span>
															<br>
								
																						<span class="small"> 13,99 EUR pro Kg<br></span>
													</div>
					</div>
				</div>
			</div>
		</div>

		
	
		<div class="article-list-item">
			<div class="article-list-item-inside">
				<div class="article-list-item-image">
									<span id="new_products_244" class="flyover_item"><a href="https://www.feinkost-aus-ungarn.de/de/eingelegtes/noszlopi-kirschpaprika-scharf-cseresznyepaprika-600g.html"><img src="images/product_images/thumbnail_images/Noszlopi_kirschpaprika_scharf_600g.png" alt="Noszlopi | Kirschpaprika scharf &quot;Cseresznyepaprika&quot; 600g" title="Noszlopi | Kirschpaprika scharf &quot;Cseresznyepaprika&quot; 600g"></a></span>
								</div>
				<div class="article-list-item-text">
					<p class="title"><a href="https://www.feinkost-aus-ungarn.de/de/eingelegtes/noszlopi-kirschpaprika-scharf-cseresznyepaprika-600g.html" title="Noszlopi | Kirschpaprika scharf &quot;Cseresznyepaprika&quot; 600g,Noszlopi...">Noszlopi | Kirschpaprika scharf...</a></p>
					<div class="article-list-item-price">
						<div class="article-list-item-price-inline">

							<span class="price"><a href="https://www.feinkost-aus-ungarn.de/de/eingelegtes/noszlopi-kirschpaprika-scharf-cseresznyepaprika-600g.html"> 5,09 EUR</a></span>
															<br>
								
																						<span class="small"> 8,48 EUR pro Kg<br></span>
													</div>
					</div>
				</div>
			</div>
		</div>

		
	
		<div class="article-list-item">
			<div class="article-list-item-inside">
				<div class="article-list-item-image">
									<span id="new_products_243" class="flyover_item"><a href="https://www.feinkost-aus-ungarn.de/de/edes-anna-paprikapulver-mild-edes-100-g.html"><img src="images/product_images/thumbnail_images/univer_pp_anna_100g.jpg" alt="Edes Anna  | Paprikapulver mild/edes 100 g" title="Edes Anna  | Paprikapulver mild/edes 100 g"></a></span>
								</div>
				<div class="article-list-item-text">
					<p class="title"><a href="https://www.feinkost-aus-ungarn.de/de/edes-anna-paprikapulver-mild-edes-100-g.html" title="Edes Anna  | Paprikapulver mild/edes 100 g">Edes Anna  | Paprikapulver mild/edes...</a></p>
					<div class="article-list-item-price">
						<div class="article-list-item-price-inline">

							<span class="price"><a href="https://www.feinkost-aus-ungarn.de/de/edes-anna-paprikapulver-mild-edes-100-g.html"> Nur  2,84 EUR</a></span>
															<br>
								
																				</div>
					</div>
				</div>
			</div>
		</div>

		
	
		<div class="article-list-item">
			<div class="article-list-item-inside">
				<div class="article-list-item-image">
									<span id="new_products_242" class="flyover_item"><a href="https://www.feinkost-aus-ungarn.de/de/Univer-Zrt/eroes-pista-ungarisches-paprikapulver-scharf-100g.html"><img src="images/product_images/thumbnail_images/univer_pp_pista_100g.jpg" alt="Erös Pista | Ungarisches Paprikapulver scharf 100g" title="Erös Pista | Ungarisches Paprikapulver scharf 100g"></a></span>
								</div>
				<div class="article-list-item-text">
					<p class="title"><a href="https://www.feinkost-aus-ungarn.de/de/Univer-Zrt/eroes-pista-ungarisches-paprikapulver-scharf-100g.html" title="Erös Pista | Ungarisches Paprikapulver scharf 100g, Paprika,zum Würzen von...">Erös Pista | Ungarisches...</a></p>
					<div class="article-list-item-price">
						<div class="article-list-item-price-inline">

							<span class="price"><a href="https://www.feinkost-aus-ungarn.de/de/Univer-Zrt/eroes-pista-ungarisches-paprikapulver-scharf-100g.html"> 3,69 EUR</a></span>
															<br>
								
																						<span class="small"> 0,04 EUR pro g<br></span>
													</div>
					</div>
				</div>
			</div>
		</div>

		
	
		<div class="article-list-item">
			<div class="article-list-item-inside">
				<div class="article-list-item-image">
									<span id="new_products_241" class="flyover_item"><a href="https://www.feinkost-aus-ungarn.de/de/eingelegtes/noszlopi-paprika-mix-1000g.html"><img src="images/product_images/thumbnail_images/Noszlopi_Paprik_MIX_1000g_fau.png" alt="NOSZLOPI | Paprika MIX 1000g" title="NOSZLOPI | Paprika MIX 1000g"></a></span>
								</div>
				<div class="article-list-item-text">
					<p class="title"><a href="https://www.feinkost-aus-ungarn.de/de/eingelegtes/noszlopi-paprika-mix-1000g.html" title="NOSZLOPI | Paprika MIX 1000g
Grossvater Abgefüllt mit Krautsalat, Eingelegt...">NOSZLOPI | Paprika MIX 1000g</a></p>
					<div class="article-list-item-price">
						<div class="article-list-item-price-inline">

							<span class="price"><a href="https://www.feinkost-aus-ungarn.de/de/eingelegtes/noszlopi-paprika-mix-1000g.html"> 9,99 EUR</a></span>
															<br>
								
																						<span class="small"> 9,99 EUR pro Kg<br></span>
													</div>
					</div>
				</div>
			</div>
		</div>

		
	
		<div class="article-list-item">
			<div class="article-list-item-inside">
				<div class="article-list-item-image">
									<span id="new_products_239" class="flyover_item"><a href="https://www.feinkost-aus-ungarn.de/de/noszlopi-ungarische-farben-360g.html"><img src="images/product_images/thumbnail_images/Noszlopi_ungarische_farben_240g_fau.png" alt="NOSZLOPI | Ungarische Farben 360g" title="NOSZLOPI | Ungarische Farben 360g"></a></span>
								</div>
				<div class="article-list-item-text">
					<p class="title"><a href="https://www.feinkost-aus-ungarn.de/de/noszlopi-ungarische-farben-360g.html" title="NOSZLOPI | Ungarische Farben 360g
Nagypapa Magyar SZINEK, scharf
Zutaten:...">NOSZLOPI | Ungarische Farben 360g</a></p>
					<div class="article-list-item-price">
						<div class="article-list-item-price-inline">

							<span class="price"><a href="https://www.feinkost-aus-ungarn.de/de/noszlopi-ungarische-farben-360g.html"> 4,29 EUR</a></span>
															<br>
								
																						<span class="small"> 17,88 EUR pro Kg<br></span>
													</div>
					</div>
				</div>
			</div>
		</div>

		
	
		<div class="article-list-item">
			<div class="article-list-item-inside">
				<div class="article-list-item-image">
									<span id="new_products_238" class="flyover_item"><a href="https://www.feinkost-aus-ungarn.de/de/noszlopi-sauerkirsch-marmelade-370g.html"><img src="images/product_images/thumbnail_images/Noszlopi_sauerkirsch_marmelade_fau.png" alt="NOSZLOPI | Sauerkirsch-Marmelade 370g" title="NOSZLOPI | Sauerkirsch-Marmelade 370g"></a></span>
								</div>
				<div class="article-list-item-text">
					<p class="title"><a href="https://www.feinkost-aus-ungarn.de/de/noszlopi-sauerkirsch-marmelade-370g.html" title="NOSZLOPI | Sauerkirsch-Marmelade aus Ungarn, 370g mit Heilkrätern*...">NOSZLOPI | Sauerkirsch-Marmelade 370g</a></p>
					<div class="article-list-item-price">
						<div class="article-list-item-price-inline">

							<span class="price"><a href="https://www.feinkost-aus-ungarn.de/de/noszlopi-sauerkirsch-marmelade-370g.html"> 5,99 EUR</a></span>
															<br>
								
																				</div>
					</div>
				</div>
			</div>
		</div>

		
	
		<div class="article-list-item">
			<div class="article-list-item-inside">
				<div class="article-list-item-image">
									<span id="new_products_237" class="flyover_item"><a href="https://www.feinkost-aus-ungarn.de/de/unicum-glaeser-6er-set-destillerie.html"><img src="images/product_images/thumbnail_images/glaeser_unicum_destillerie.jpg" alt="Unicum Gläser 6er SET &quot;Destillerie&quot;" title="Unicum Gläser 6er SET &quot;Destillerie&quot;"></a></span>
								</div>
				<div class="article-list-item-text">
					<p class="title"><a href="https://www.feinkost-aus-ungarn.de/de/unicum-glaeser-6er-set-destillerie.html" title="Unicum Gläser 6er SET &quot;Destillerie&quot;">Unicum Gläser 6er SET...</a></p>
					<div class="article-list-item-price">
						<div class="article-list-item-price-inline">

							<span class="price"><a href="https://www.feinkost-aus-ungarn.de/de/unicum-glaeser-6er-set-destillerie.html"> Nur  8,00 EUR</a></span>
															<br>
								
																						<span class="small"> 8,00 EUR pro stück<br></span>
													</div>
					</div>
				</div>
			</div>
		</div>

		
	
		<div class="article-list-item">
			<div class="article-list-item-inside">
				<div class="article-list-item-image">
									<span id="new_products_236" class="flyover_item"><a href="https://www.feinkost-aus-ungarn.de/de/ZWACK-Unicum/unicum-glaeser-6er-set-dining-table-1910.html"><img src="images/product_images/thumbnail_images/unicum_glaeser_dining_table_1910.png" alt="Unicum Gläser 6er SET &quot;Dining Table 1910&quot;" title="Unicum Gläser 6er SET &quot;Dining Table 1910&quot;"></a></span>
								</div>
				<div class="article-list-item-text">
					<p class="title"><a href="https://www.feinkost-aus-ungarn.de/de/ZWACK-Unicum/unicum-glaeser-6er-set-dining-table-1910.html" title="Unicum Gläser 6er SET &quot;Dining Table 1910&quot;">Unicum Gläser 6er SET "Dining...</a></p>
					<div class="article-list-item-price">
						<div class="article-list-item-price-inline">

							<span class="price"><a href="https://www.feinkost-aus-ungarn.de/de/ZWACK-Unicum/unicum-glaeser-6er-set-dining-table-1910.html"> 15,99 EUR</a></span>
															<br>
								
																						<span class="small"> 15,99 EUR pro stück<br></span>
													</div>
					</div>
				</div>
			</div>
		</div>

		
	
		<div class="article-list-item">
			<div class="article-list-item-inside">
				<div class="article-list-item-image">
									<span id="new_products_235" class="flyover_item"><a href="https://www.feinkost-aus-ungarn.de/de/ZWACK-Unicum/unicum-glaeser-6er-set-man-in-water.html"><img src="images/product_images/thumbnail_images/unicum_glaeser_man_in_water.png" alt="Unicum Gläser 6er SET &quot;Man in Water&quot;" title="Unicum Gläser 6er SET &quot;Man in Water&quot;"></a></span>
								</div>
				<div class="article-list-item-text">
					<p class="title"><a href="https://www.feinkost-aus-ungarn.de/de/ZWACK-Unicum/unicum-glaeser-6er-set-man-in-water.html" title="Unicum Gläser 6er SET &quot;Man in Water&quot;">Unicum Gläser 6er SET "Man in...</a></p>
					<div class="article-list-item-price">
						<div class="article-list-item-price-inline">

							<span class="price"><a href="https://www.feinkost-aus-ungarn.de/de/ZWACK-Unicum/unicum-glaeser-6er-set-man-in-water.html"> 15,99 EUR</a></span>
															<br>
								
																						<span class="small"> 15,99 EUR pro stück<br></span>
													</div>
					</div>
				</div>
			</div>
		</div>

		
	
		<div class="article-list-item">
			<div class="article-list-item-inside">
				<div class="article-list-item-image">
									<span id="new_products_234" class="flyover_item"><a href="https://www.feinkost-aus-ungarn.de/de/ZWACK-Unicum/unicum-glaeser-6er-set-kellner.html"><img src="images/product_images/thumbnail_images/unicum_glaeser_kellner.png" alt="Unicum Gläser 6er SET &quot;Kellner&quot;" title="Unicum Gläser 6er SET &quot;Kellner&quot;"></a></span>
								</div>
				<div class="article-list-item-text">
					<p class="title"><a href="https://www.feinkost-aus-ungarn.de/de/ZWACK-Unicum/unicum-glaeser-6er-set-kellner.html" title="Unicum Gläser 6er SET &quot;Kellner&quot;">Unicum Gläser 6er SET...</a></p>
					<div class="article-list-item-price">
						<div class="article-list-item-price-inline">

							<span class="price"><a href="https://www.feinkost-aus-ungarn.de/de/ZWACK-Unicum/unicum-glaeser-6er-set-kellner.html"> 15,99 EUR</a></span>
															<br>
								
																						<span class="small"> 15,99 EUR pro <br></span>
													</div>
					</div>
				</div>
			</div>
		</div>

		
	
		<div class="article-list-item">
			<div class="article-list-item-inside">
				<div class="article-list-item-image">
									<span id="new_products_233" class="flyover_item"><a href="https://www.feinkost-aus-ungarn.de/de/Univer-Zrt/UNIVER-Eroes-Pista-Paprikapulver-100-g-Souvenir-Dose.html"><img src="images/product_images/thumbnail_images/eros-pista-100g-paprikapulver_scharf_fau.jpg" alt="UNIVER Erös Pista Paprikapulver 100 g  | Souvenir-Dose" title="UNIVER Erös Pista Paprikapulver 100 g  | Souvenir-Dose"></a></span>
								</div>
				<div class="article-list-item-text">
					<p class="title"><a href="https://www.feinkost-aus-ungarn.de/de/Univer-Zrt/UNIVER-Eroes-Pista-Paprikapulver-100-g-Souvenir-Dose.html" title="Ungarischer Paprika aus dem Hause Univer scharf,csipös,,UNIVER Erös Pista...">UNIVER Erös Pista Paprikapulver 100 g...</a></p>
					<div class="article-list-item-price">
						<div class="article-list-item-price-inline">

							<span class="price"><a href="https://www.feinkost-aus-ungarn.de/de/Univer-Zrt/UNIVER-Eroes-Pista-Paprikapulver-100-g-Souvenir-Dose.html"> 6,99 EUR</a></span>
															<br>
								
																						<span class="small"> 6,99 EUR pro stück<br></span>
													</div>
					</div>
				</div>
			</div>
		</div>

		
	
		<div class="article-list-item">
			<div class="article-list-item-inside">
				<div class="article-list-item-image">
									<span id="new_products_231" class="flyover_item"><a href="https://www.feinkost-aus-ungarn.de/de/Feinkost-aus-Ungarn/Bio-Jalapeno-paprika-Feinkost-aus-Ungarn.html"><img src="images/product_images/thumbnail_images/jalapeno_fau.jpg" alt="Bio Jalapeño paprika | Feinkost aus Ungarn®" title="Bio Jalapeño paprika | Feinkost aus Ungarn®"></a></span>
								</div>
				<div class="article-list-item-text">
					<p class="title"><a href="https://www.feinkost-aus-ungarn.de/de/Feinkost-aus-Ungarn/Bio-Jalapeno-paprika-Feinkost-aus-Ungarn.html" title="Bio Jalapeño paprika | Feinkost aus Ungarn® Jalapeño aus kontrolliert...">Bio Jalapeño paprika | Feinkost aus...</a></p>
					<div class="article-list-item-price">
						<div class="article-list-item-price-inline">

							<span class="price"><a href="https://www.feinkost-aus-ungarn.de/de/Feinkost-aus-Ungarn/Bio-Jalapeno-paprika-Feinkost-aus-Ungarn.html"> Nur  10,79 EUR</a></span>
															<br>
								
																						<span class="small"> 13,49 EUR pro Kg<br></span>
													</div>
					</div>
				</div>
			</div>
		</div>

		
	
		<div class="article-list-item">
			<div class="article-list-item-inside">
				<div class="article-list-item-image">
									<span id="new_products_245" class="flyover_item"><a href="https://www.feinkost-aus-ungarn.de/de/eingelegtes/noszlopi-gruene-tomaten-mild-zoeldparadicsom-720g.html"><img src="images/product_images/thumbnail_images/Noszlopi_Gruenetomaten_720g.png" alt="Noszlopi | Grüne Tomaten mild &quot;Zöldparadicsom&quot; 720g" title="Noszlopi | Grüne Tomaten mild &quot;Zöldparadicsom&quot; 720g"></a></span>
								</div>
				<div class="article-list-item-text">
					<p class="title"><a href="https://www.feinkost-aus-ungarn.de/de/eingelegtes/noszlopi-gruene-tomaten-mild-zoeldparadicsom-720g.html" title="Noszlopi | Grüne Tomaten mild &quot;Zöldparadicsom&quot; 720g,Noszlopi Handerlesenen...">Noszlopi | Grüne Tomaten mild...</a></p>
					<div class="article-list-item-price">
						<div class="article-list-item-price-inline">

							<span class="price"><a href="https://www.feinkost-aus-ungarn.de/de/eingelegtes/noszlopi-gruene-tomaten-mild-zoeldparadicsom-720g.html"> 4,99 EUR</a></span>
															<br>
								
																						<span class="small"> 6,93 EUR pro Kg<br></span>
													</div>
					</div>
				</div>
			</div>
		</div>

		
	
		<div class="article-list-item">
			<div class="article-list-item-inside">
				<div class="article-list-item-image">
									<span id="new_products_246" class="flyover_item"><a href="https://www.feinkost-aus-ungarn.de/de/ZWACK-Unicum/unicum-shot-glaeser-6-stueck-im-karton-zwack.html"><img src="images/product_images/thumbnail_images/unicum_glaeser_6er_pack_104740.png" alt="Unicum Shot Gläser (6 Stück im Karton) ZWACK" title="Unicum Shot Gläser (6 Stück im Karton) ZWACK"></a></span>
								</div>
				<div class="article-list-item-text">
					<p class="title"><a href="https://www.feinkost-aus-ungarn.de/de/ZWACK-Unicum/unicum-shot-glaeser-6-stueck-im-karton-zwack.html" title="Unicum Shot Glas (6 Stück im Karton)
&gt;Glas 4cl
Die massiven und...">Unicum Shot Gläser (6 Stück im...</a></p>
					<div class="article-list-item-price">
						<div class="article-list-item-price-inline">

							<span class="price"><a href="https://www.feinkost-aus-ungarn.de/de/ZWACK-Unicum/unicum-shot-glaeser-6-stueck-im-karton-zwack.html"> 16,99 EUR</a></span>
															<br>
								
																						<span class="small"> 16,99 EUR pro stück<br></span>
													</div>
					</div>
				</div>
			</div>
		</div>

		
	
		<div class="article-list-item">
			<div class="article-list-item-inside">
				<div class="article-list-item-image">
									<span id="new_products_257" class="flyover_item"><a href="https://www.feinkost-aus-ungarn.de/de/haushaltswaren/aluminium-pfanne-holz-linie-pfanne-mit-antihaftbeschichtung-22-cm-farbe-gelb.html"><img src="images/product_images/thumbnail_images/13077_Aluminium_pfanne_22cm_mit_griff_in_holzoptik_braun.jpg" alt="Aluminium Pfanne &quot;Holz Linie&quot; Pfanne mit Antihaftbeschichtung 22 cm farbe: gelb" title="Aluminium Pfanne &quot;Holz Linie&quot; Pfanne mit Antihaftbeschichtung 22 cm farbe: gelb"></a></span>
								</div>
				<div class="article-list-item-text">
					<p class="title"><a href="https://www.feinkost-aus-ungarn.de/de/haushaltswaren/aluminium-pfanne-holz-linie-pfanne-mit-antihaftbeschichtung-22-cm-farbe-gelb.html" title="Aluminium Pfanne &quot;Holz Linie&quot; Pfanne mit Antihaftbeschichtung 22 cm farbe:...">Aluminium Pfanne "Holz...</a></p>
					<div class="article-list-item-price">
						<div class="article-list-item-price-inline">

							<span class="price"><a href="https://www.feinkost-aus-ungarn.de/de/haushaltswaren/aluminium-pfanne-holz-linie-pfanne-mit-antihaftbeschichtung-22-cm-farbe-gelb.html"> 12,99 EUR</a></span>
															<br>
								
																						<span class="small"> 12,99 EUR pro stück<br></span>
													</div>
					</div>
				</div>
			</div>
		</div>

		
	
		<div class="article-list-item">
			<div class="article-list-item-inside">
				<div class="article-list-item-image">
									<span id="new_products_256" class="flyover_item"><a href="https://www.feinkost-aus-ungarn.de/de/haushaltswaren/aluminium-pfanne-holz-linie-pfanne-mit-antihaftbeschichtung-22-cm-farbe-rot.html"><img src="images/product_images/thumbnail_images/13077_4.jpg" alt="Aluminium Pfanne &quot;Holz Linie&quot; Pfanne mit Antihaftbeschichtung 22 cm farbe: rot" title="Aluminium Pfanne &quot;Holz Linie&quot; Pfanne mit Antihaftbeschichtung 22 cm farbe: rot"></a></span>
								</div>
				<div class="article-list-item-text">
					<p class="title"><a href="https://www.feinkost-aus-ungarn.de/de/haushaltswaren/aluminium-pfanne-holz-linie-pfanne-mit-antihaftbeschichtung-22-cm-farbe-rot.html" title="Aluminium Pfanne &quot;Holz Linie&quot; Pfanne mit Antihaftbeschichtung 22 cm farbe: rot">Aluminium Pfanne "Holz...</a></p>
					<div class="article-list-item-price">
						<div class="article-list-item-price-inline">

							<span class="price"><a href="https://www.feinkost-aus-ungarn.de/de/haushaltswaren/aluminium-pfanne-holz-linie-pfanne-mit-antihaftbeschichtung-22-cm-farbe-rot.html"> 12,99 EUR</a></span>
															<br>
								
																						<span class="small"> 12,99 EUR pro stück<br></span>
													</div>
					</div>
				</div>
			</div>
		</div>

		
	
		<div class="article-list-item">
			<div class="article-list-item-inside">
				<div class="article-list-item-image">
									<span id="new_products_255" class="flyover_item"><a href="https://www.feinkost-aus-ungarn.de/de/haushaltswaren/aluminium-pfanne-holz-linie-pfanne-mit-antihaftbeschichtung-22-cm-farbe-grau.html"><img src="images/product_images/thumbnail_images/13077_Aluminium_pfanne_22cm_mit_griff_in_holzoptik_grau_2.jpg" alt="Aluminium Pfanne &quot;Holz Linie&quot; Pfanne mit Antihaftbeschichtung 22 cm farbe: grau" title="Aluminium Pfanne &quot;Holz Linie&quot; Pfanne mit Antihaftbeschichtung 22 cm farbe: grau"></a></span>
								</div>
				<div class="article-list-item-text">
					<p class="title"><a href="https://www.feinkost-aus-ungarn.de/de/haushaltswaren/aluminium-pfanne-holz-linie-pfanne-mit-antihaftbeschichtung-22-cm-farbe-grau.html" title="Aluminium Pfanne &quot;Holz Linie&quot; Pfanne mit Antihaftbeschichtung 22 cm farbe: grau">Aluminium Pfanne "Holz...</a></p>
					<div class="article-list-item-price">
						<div class="article-list-item-price-inline">

							<span class="price"><a href="https://www.feinkost-aus-ungarn.de/de/haushaltswaren/aluminium-pfanne-holz-linie-pfanne-mit-antihaftbeschichtung-22-cm-farbe-grau.html"> 12,99 EUR</a></span>
															<br>
								
																						<span class="small"> 12,99 EUR pro stück<br></span>
													</div>
					</div>
				</div>
			</div>
		</div>

		
	
		<div class="article-list-item">
			<div class="article-list-item-inside">
				<div class="article-list-item-image">
									<span id="new_products_254" class="flyover_item"><a href="https://www.feinkost-aus-ungarn.de/de/ungarische-bartwichse-farblos-friseurqualitaet-8ml.html"><img src="images/product_images/thumbnail_images/stern_bartwichse_ungarisch_display_fau.jpg" alt="ungarische Bartwichse farblos - Friseurqualität 8ml" title="ungarische Bartwichse farblos - Friseurqualität 8ml"></a></span>
								</div>
				<div class="article-list-item-text">
					<p class="title"><a href="https://www.feinkost-aus-ungarn.de/de/ungarische-bartwichse-farblos-friseurqualitaet-8ml.html" title="ungarische Bartwichse farblos - Friseurqualität 8ml | Ungarische...">ungarische Bartwichse farblos -...</a></p>
					<div class="article-list-item-price">
						<div class="article-list-item-price-inline">

							<span class="price"><a href="https://www.feinkost-aus-ungarn.de/de/ungarische-bartwichse-farblos-friseurqualitaet-8ml.html"> 3,95 EUR</a></span>
															<br>
								
																						<span class="small"> 0,49 EUR pro g<br></span>
													</div>
					</div>
				</div>
			</div>
		</div>

		
	
		<div class="article-list-item">
			<div class="article-list-item-inside">
				<div class="article-list-item-image">
									<span id="new_products_287" class="flyover_item"><a href="https://www.feinkost-aus-ungarn.de/de/Sonstiges/kaffee-chaqwa/chaqwa-espresso-1000-g.html"><img src="images/product_images/thumbnail_images/Espresso_1000g.jpg" alt="CHAQWA Espresso 1000 g" title="CHAQWA Espresso 1000 g"></a></span>
								</div>
				<div class="article-list-item-text">
					<p class="title"><a href="https://www.feinkost-aus-ungarn.de/de/Sonstiges/kaffee-chaqwa/chaqwa-espresso-1000-g.html" title="Chaqwa Espresso, 1000 g | Die ausgewogene Kombination aus 80% Arabica-Bohnen...">CHAQWA Espresso 1000 g</a></p>
					<div class="article-list-item-price">
						<div class="article-list-item-price-inline">

							<span class="price"><a href="https://www.feinkost-aus-ungarn.de/de/Sonstiges/kaffee-chaqwa/chaqwa-espresso-1000-g.html"> 18,19 EUR</a></span>
															<br>
								
																						<span class="small"> 18,19 EUR pro Kg<br></span>
													</div>
					</div>
				</div>
			</div>
		</div>

		
	
		<div class="article-list-item">
			<div class="article-list-item-inside">
				<div class="article-list-item-image">
									<span id="new_products_253" class="flyover_item"><a href="https://www.feinkost-aus-ungarn.de/de/univer-majonez-470g-ungarische-majonese.html"><img src="images/product_images/thumbnail_images/Univer_majonez_470g.png" alt="Univer Majonéz 470g | Ungarische Majonese" title="Univer Majonéz 470g | Ungarische Majonese"></a></span>
								</div>
				<div class="article-list-item-text">
					<p class="title"><a href="https://www.feinkost-aus-ungarn.de/de/univer-majonez-470g-ungarische-majonese.html" title="Univer Majonéz 470g | Ungarische Majonese">Univer Majonéz 470g | Ungarische...</a></p>
					<div class="article-list-item-price">
						<div class="article-list-item-price-inline">

							<span class="price"><a href="https://www.feinkost-aus-ungarn.de/de/univer-majonez-470g-ungarische-majonese.html"> 5,99 EUR</a></span>
															<br>
								
																						<span class="small"> 12,74 EUR pro Kg<br></span>
													</div>
					</div>
				</div>
			</div>
		</div>

		
	
		<div class="article-list-item">
			<div class="article-list-item-inside">
				<div class="article-list-item-image">
									<span id="new_products_252" class="flyover_item"><a href="https://www.feinkost-aus-ungarn.de/de/Feinkost-aus-Ungarn/e-basecap-wir-bringen-wieder-wuerze-in-ihr-leben-feinkost-aus-ungarn.html"><img src="images/product_images/thumbnail_images/Feinkost-aus-Ungarn (1).jpg" alt="E-Basecap  &quot;Wir bringen wieder würze in Ihr leben!&quot; | Feinkost aus Ungarn®" title="E-Basecap  &quot;Wir bringen wieder würze in Ihr leben!&quot; | Feinkost aus Ungarn®"></a></span>
								</div>
				<div class="article-list-item-text">
					<p class="title"><a href="https://www.feinkost-aus-ungarn.de/de/Feinkost-aus-Ungarn/e-basecap-wir-bringen-wieder-wuerze-in-ihr-leben-feinkost-aus-ungarn.html" title="E-Basecap  &quot;Wir bringen wieder würze in Ihr leben!&quot; | Feinkost aus Ungarn®">E-Basecap  "Wir bringen wieder...</a></p>
					<div class="article-list-item-price">
						<div class="article-list-item-price-inline">

							<span class="price"><a href="https://www.feinkost-aus-ungarn.de/de/Feinkost-aus-Ungarn/e-basecap-wir-bringen-wieder-wuerze-in-ihr-leben-feinkost-aus-ungarn.html"> 15,99 EUR</a></span>
															<br>
								
																						<span class="small"> 15,99 EUR pro stück<br></span>
													</div>
					</div>
				</div>
			</div>
		</div>

		
	
		<div class="article-list-item">
			<div class="article-list-item-inside">
				<div class="article-list-item-image">
									<span id="new_products_251" class="flyover_item"><a href="https://www.feinkost-aus-ungarn.de/de/gyoeri-hastartasi-keksz-500g-daralt-ungarische-kekse-gemahlen.html"><img src="images/product_images/thumbnail_images/Gyoeri_haztartasi_keksz_daralt_500g.png" alt="Györi Hástartási Keksz 500g Darált - Ungarische Kekse gemahlen" title="Györi Hástartási Keksz 500g Darált - Ungarische Kekse gemahlen"></a></span>
								</div>
				<div class="article-list-item-text">
					<p class="title"><a href="https://www.feinkost-aus-ungarn.de/de/gyoeri-hastartasi-keksz-500g-daralt-ungarische-kekse-gemahlen.html" title="Györi Hástartási Keksz 500g Darált - Ungarische Kekse gemahlen">Györi Hástartási Keksz 500g Darált -...</a></p>
					<div class="article-list-item-price">
						<div class="article-list-item-price-inline">

							<span class="price"><a href="https://www.feinkost-aus-ungarn.de/de/gyoeri-hastartasi-keksz-500g-daralt-ungarische-kekse-gemahlen.html"> 4,49 EUR</a></span>
															<br>
								
																						<span class="small"> 8,98 EUR pro Kg<br></span>
													</div>
					</div>
				</div>
			</div>
		</div>

		
	
		<div class="article-list-item">
			<div class="article-list-item-inside">
				<div class="article-list-item-image">
									<span id="new_products_250" class="flyover_item"><a href="https://www.feinkost-aus-ungarn.de/de/Univer-Zrt/univer-grillcreme-grillmarinade-gewuerzpaste-knoblauch-160g-mhd-16-04-2017.html"><img src="images/product_images/thumbnail_images/Fokhagymas grillkrem (hu-ro) 160g 3d.jpg" alt="Univer Grillcreme Grillmarinade,Gewürzpaste | Knoblauch 160g" title="Univer Grillcreme Grillmarinade,Gewürzpaste | Knoblauch 160g"></a></span>
								</div>
				<div class="article-list-item-text">
					<p class="title"><a href="https://www.feinkost-aus-ungarn.de/de/Univer-Zrt/univer-grillcreme-grillmarinade-gewuerzpaste-knoblauch-160g-mhd-16-04-2017.html" title="Univer Grillcreme Grillmarinade,Gewürzpaste | Knoblauch 160g">Univer Grillcreme...</a></p>
					<div class="article-list-item-price">
						<div class="article-list-item-price-inline">

							<span class="price"><a href="https://www.feinkost-aus-ungarn.de/de/Univer-Zrt/univer-grillcreme-grillmarinade-gewuerzpaste-knoblauch-160g-mhd-16-04-2017.html"> 1,99 EUR</a></span>
															<br>
								
																						<span class="small"> 12,44 EUR pro Kg<br></span>
													</div>
					</div>
				</div>
			</div>
		</div>

		
	
		<div class="article-list-item">
			<div class="article-list-item-inside">
				<div class="article-list-item-image">
									<span id="new_products_249" class="flyover_item"><a href="https://www.feinkost-aus-ungarn.de/de/Pannon-Tokaji/pannon-tokaj-tokajer-furmint-halbsuess-2015-0-75l-3-x-sparset.html"><img src="images/product_images/thumbnail_images/Tokaji-Furmint_2015_3er.png" alt="Pannon Tokaj | Tokajer Furmint halbsüss 2015 0,75l | 3 x SparSet" title="Pannon Tokaj | Tokajer Furmint halbsüss 2015 0,75l | 3 x SparSet"></a></span>
								</div>
				<div class="article-list-item-text">
					<p class="title"><a href="https://www.feinkost-aus-ungarn.de/de/Pannon-Tokaji/pannon-tokaj-tokajer-furmint-halbsuess-2015-0-75l-3-x-sparset.html" title="Pannon Tokaj | Tokajer Furmint halbsüss 2015 0,75l | 3 x Sparset">Pannon Tokaj | Tokajer Furmint...</a></p>
					<div class="article-list-item-price">
						<div class="article-list-item-price-inline">

							<span class="price"><a href="https://www.feinkost-aus-ungarn.de/de/Pannon-Tokaji/pannon-tokaj-tokajer-furmint-halbsuess-2015-0-75l-3-x-sparset.html"> 17,49 EUR</a></span>
															<br>
								
																						<span class="small"> 7,77 EUR pro liter<br></span>
													</div>
					</div>
				</div>
			</div>
		</div>

		
	
		<div class="article-list-item">
			<div class="article-list-item-inside">
				<div class="article-list-item-image">
									<span id="new_products_248" class="flyover_item"><a href="https://www.feinkost-aus-ungarn.de/de/Pannon-Tokaji/pannon-tokaji-tokajer-harslevelu-lindenblaettrige-halbsuess-2014-0-75l-3-flaschen.html"><img src="images/product_images/thumbnail_images/Tokaji-Harrslevelue_2015_3er.png" alt="Pannon Tokaji | Tokajer Hárslevelű (Lindenblättrige) halbsüss 2014 0,75l | 3x SparSet" title="Pannon Tokaji | Tokajer Hárslevelű (Lindenblättrige) halbsüss 2014 0,75l | 3x SparSet"></a></span>
								</div>
				<div class="article-list-item-text">
					<p class="title"><a href="https://www.feinkost-aus-ungarn.de/de/Pannon-Tokaji/pannon-tokaji-tokajer-harslevelu-lindenblaettrige-halbsuess-2014-0-75l-3-flaschen.html" title="Pannon Tokaji | Tokajer Hárslevelű (Lindenblättrige) halbsüss 2014 0,75l | 3...">Pannon Tokaji | Tokajer Hárslevelű...</a></p>
					<div class="article-list-item-price">
						<div class="article-list-item-price-inline">

							<span class="price"><a href="https://www.feinkost-aus-ungarn.de/de/Pannon-Tokaji/pannon-tokaji-tokajer-harslevelu-lindenblaettrige-halbsuess-2014-0-75l-3-flaschen.html"> 17,49 EUR</a></span>
															<br>
								
																						<span class="small"> 7,77 EUR pro liter<br></span>
													</div>
					</div>
				</div>
			</div>
		</div>

		
	
		<div class="article-list-item">
			<div class="article-list-item-inside">
				<div class="article-list-item-image">
									<span id="new_products_247" class="flyover_item"><a href="https://www.feinkost-aus-ungarn.de/de/Pannon-Tokaji/pannon-tokaj-tokajer-furmint-halbsuess-2015-0-75l.html"><img src="images/product_images/thumbnail_images/Tokaji-Furmint_2015.png" alt="Pannon Tokaj | Tokajer Furmint halbsüss 2015 0,75l" title="Pannon Tokaj | Tokajer Furmint halbsüss 2015 0,75l"></a></span>
								</div>
				<div class="article-list-item-text">
					<p class="title"><a href="https://www.feinkost-aus-ungarn.de/de/Pannon-Tokaji/pannon-tokaj-tokajer-furmint-halbsuess-2015-0-75l.html" title="Pannon Tokaj | Tokajer Furmint halbsüss 2015 0,75l

Die Weinlese war am...">Pannon Tokaj | Tokajer Furmint...</a></p>
					<div class="article-list-item-price">
						<div class="article-list-item-price-inline">

							<span class="price"><a href="https://www.feinkost-aus-ungarn.de/de/Pannon-Tokaji/pannon-tokaj-tokajer-furmint-halbsuess-2015-0-75l.html"> 6,99 EUR</a></span>
															<br>
								
																						<span class="small"> 9,32 EUR pro liter<br></span>
													</div>
					</div>
				</div>
			</div>
		</div>

		
	
		<div class="article-list-item">
			<div class="article-list-item-inside">
				<div class="article-list-item-image">
									<span id="new_products_230" class="flyover_item"><a href="https://www.feinkost-aus-ungarn.de/de/Feinkost-aus-Ungarn/6-Stk-Ungarische-kaltgepresste-Oele-Geschenkpack-Feinkost-aus-Ungarn.html"><img src="images/product_images/thumbnail_images/eigenmarke_feinkost-aus-ungarn_geschenk.jpg" alt="6 Stk. Ungarische kaltgepresste Öle | Geschenkpack-Feinkost aus Ungarn®" title="6 Stk. Ungarische kaltgepresste Öle | Geschenkpack-Feinkost aus Ungarn®"></a></span>
								</div>
				<div class="article-list-item-text">
					<p class="title"><a href="https://www.feinkost-aus-ungarn.de/de/Feinkost-aus-Ungarn/6-Stk-Ungarische-kaltgepresste-Oele-Geschenkpack-Feinkost-aus-Ungarn.html" title="6 Stk. Ungarische kaltgepresste Öle | Geschenkpack-Feinkost aus Ungarn®">6 Stk. Ungarische kaltgepresste Öle |...</a></p>
					<div class="article-list-item-price">
						<div class="article-list-item-price-inline">

							<span class="price"><a href="https://www.feinkost-aus-ungarn.de/de/Feinkost-aus-Ungarn/6-Stk-Ungarische-kaltgepresste-Oele-Geschenkpack-Feinkost-aus-Ungarn.html"> Nur  9,99 EUR</a></span>
															<br>
								
																						<span class="small"> 9,99 EUR pro stück<br></span>
													</div>
					</div>
				</div>
			</div>
		</div>

		
	
		<div class="article-list-item">
			<div class="article-list-item-inside">
				<div class="article-list-item-image">
									<span id="new_products_150" class="flyover_item"><a href="https://www.feinkost-aus-ungarn.de/de/Palinka/CORNUS-Kajszi-Barack-Marillen-Edelbrand-alk-52-V-0-5l.html"><img src="images/product_images/thumbnail_images/cornus_-marillen-edelbrand_05liter.jpg" alt="CORNUS | Kajszi Barack | Marillen Edelbrand alk. 52% (V/V) 0,5l" title="CORNUS | Kajszi Barack | Marillen Edelbrand alk. 52% (V/V) 0,5l"></a></span>
								</div>
				<div class="article-list-item-text">
					<p class="title"><a href="https://www.feinkost-aus-ungarn.de/de/Palinka/CORNUS-Kajszi-Barack-Marillen-Edelbrand-alk-52-V-0-5l.html" title="^CORNUS | Kajszi Barack | Marillen Edelbrand alk. 52% (V/V) 0,5l">CORNUS | Kajszi Barack | Marillen...</a></p>
					<div class="article-list-item-price">
						<div class="article-list-item-price-inline">

							<span class="price"><a href="https://www.feinkost-aus-ungarn.de/de/Palinka/CORNUS-Kajszi-Barack-Marillen-Edelbrand-alk-52-V-0-5l.html"> 30,99 EUR</a></span>
															<br>
								
																						<span class="small"> 61,98 EUR pro liter<br></span>
													</div>
					</div>
				</div>
			</div>
		</div>

		
	
		<div class="article-list-item">
			<div class="article-list-item-inside">
				<div class="article-list-item-image">
									<span id="new_products_77" class="flyover_item"><a href="https://www.feinkost-aus-ungarn.de/de/Teigwaren/Eiergraupen-mit-4-Eiern-500g-doerzstarhonya-Gyermelyi.html"><img src="images/product_images/thumbnail_images/tarhonya_doerzstarhonya_4_eier_gyermelyi.jpg" alt="Eiergraupen mit 4 Eiern 500g dörzstarhonya | Gyermelyi" title="Eiergraupen mit 4 Eiern 500g dörzstarhonya | Gyermelyi"></a></span>
								</div>
				<div class="article-list-item-text">
					<p class="title"><a href="https://www.feinkost-aus-ungarn.de/de/Teigwaren/Eiergraupen-mit-4-Eiern-500g-doerzstarhonya-Gyermelyi.html" title="Gyermelyi TÉSZTA | Dörzstarhonya 500g, Eiergrauben aus Ungarn">Eiergraupen mit 4 Eiern 500g...</a></p>
					<div class="article-list-item-price">
						<div class="article-list-item-price-inline">

							<span class="price"><a href="https://www.feinkost-aus-ungarn.de/de/Teigwaren/Eiergraupen-mit-4-Eiern-500g-doerzstarhonya-Gyermelyi.html"> 3,79 EUR</a></span>
															<br>
								
																						<span class="small"> 7,58 EUR pro Kg<br></span>
													</div>
					</div>
				</div>
			</div>
		</div>

		
	
		<div class="article-list-item">
			<div class="article-list-item-inside">
				<div class="article-list-item-image">
									<span id="new_products_60" class="flyover_item"><a href="https://www.feinkost-aus-ungarn.de/de/Gyulahus/Gyulaer-Paarwuerste-250-g-Gyulai-Paroskolbasz.html"><img src="images/product_images/thumbnail_images/gyulai_kolbasz_feinkost_aus_ungarn_60_0.jpg" alt="Gyulaer Paarwürste 250 g | Gyulai Pároskolbász" title="Gyulaer Paarwürste 250 g | Gyulai Pároskolbász"></a></span>
								</div>
				<div class="article-list-item-text">
					<p class="title"><a href="https://www.feinkost-aus-ungarn.de/de/Gyulahus/Gyulaer-Paarwuerste-250-g-Gyulai-Paroskolbasz.html" title="Gyulaer Paarwürste 250 g | Gyulai Pároskolbász | Gyulaer Paarwürste werden...">Gyulaer Paarwürste 250 g | Gyulai...</a></p>
					<div class="article-list-item-price">
						<div class="article-list-item-price-inline">

							<span class="price"><a href="https://www.feinkost-aus-ungarn.de/de/Gyulahus/Gyulaer-Paarwuerste-250-g-Gyulai-Paroskolbasz.html"> 4,49 EUR</a></span>
															<br>
								
																						<span class="small"> 17,96 EUR pro Kg<br></span>
													</div>
					</div>
				</div>
			</div>
		</div>

		
	
		<div class="article-list-item">
			<div class="article-list-item-inside">
				<div class="article-list-item-image">
									<span id="new_products_59" class="flyover_item"><a href="https://www.feinkost-aus-ungarn.de/de/Univer-Zrt/Eroes-Pista-12er-SPAR-PACK-Starker-Stephan-Paprikapaste-scharf.html"><img src="images/product_images/thumbnail_images/eroes_pista_univer_12er_sparpack.jpg" alt="Erös Pista | 12er-SPAR PACK | Starker Stephan-Paprikapaste &quot;scharf&quot;" title="Erös Pista | 12er-SPAR PACK | Starker Stephan-Paprikapaste &quot;scharf&quot;"></a></span>
								</div>
				<div class="article-list-item-text">
					<p class="title"><a href="https://www.feinkost-aus-ungarn.de/de/Univer-Zrt/Eroes-Pista-12er-SPAR-PACK-Starker-Stephan-Paprikapaste-scharf.html" title="Erös Pista | 12er-SPAR PACK | Starker Stephan-Paprikapaste &quot;scharf&quot; | Erős...">Erös Pista | 12er-SPAR PACK | Starker...</a></p>
					<div class="article-list-item-price">
						<div class="article-list-item-price-inline">

							<span class="price"><a href="https://www.feinkost-aus-ungarn.de/de/Univer-Zrt/Eroes-Pista-12er-SPAR-PACK-Starker-Stephan-Paprikapaste-scharf.html"> 28,99 EUR</a></span>
															<br>
								
																						<span class="small"> 12,08 EUR pro Kg<br></span>
													</div>
					</div>
				</div>
			</div>
		</div>

		
	
		<div class="article-list-item">
			<div class="article-list-item-inside">
				<div class="article-list-item-image">
									<span id="new_products_56" class="flyover_item"><a href="https://www.feinkost-aus-ungarn.de/de/Mangalica-Produkte/Bauchspeck-vom-Wollschwein-ca-250g.html"><img src="images/product_images/thumbnail_images/bauchspeck_mangalica_250g.jpg" alt="Bauchspeck vom Wollschwein ca. 250g" title="Bauchspeck vom Wollschwein ca. 250g"></a></span>
								</div>
				<div class="article-list-item-text">
					<p class="title"><a href="https://www.feinkost-aus-ungarn.de/de/Mangalica-Produkte/Bauchspeck-vom-Wollschwein-ca-250g.html" title="Bauchspeck  vom Wollschwein Hergestellt vom Bauchstück des  Wollschweins. Mit...">Bauchspeck vom Wollschwein ca. 250g</a></p>
					<div class="article-list-item-price">
						<div class="article-list-item-price-inline">

							<span class="price"><a href="https://www.feinkost-aus-ungarn.de/de/Mangalica-Produkte/Bauchspeck-vom-Wollschwein-ca-250g.html"> 8,89 EUR</a></span>
															<br>
								
																						<span class="small"> 35,56 EUR pro Kg<br></span>
													</div>
					</div>
				</div>
			</div>
		</div>

		
	
		<div class="article-list-item">
			<div class="article-list-item-inside">
				<div class="article-list-item-image">
									<span id="new_products_55" class="flyover_item"><a href="https://www.feinkost-aus-ungarn.de/de/Mangalica-Produkte/Bauchspeck-vom-Wollschwein-ca-500g.html"><img src="images/product_images/thumbnail_images/mangalica_bauchspeck_500g.jpg" alt="Bauchspeck vom Wollschwein ca. 500g" title="Bauchspeck vom Wollschwein ca. 500g"></a></span>
								</div>
				<div class="article-list-item-text">
					<p class="title"><a href="https://www.feinkost-aus-ungarn.de/de/Mangalica-Produkte/Bauchspeck-vom-Wollschwein-ca-500g.html" title="Bauchspeck vom Mangalitza-Wollschwein | Hergestellt vom Bauchstück des...">Bauchspeck vom Wollschwein ca. 500g</a></p>
					<div class="article-list-item-price">
						<div class="article-list-item-price-inline">

							<span class="price"><a href="https://www.feinkost-aus-ungarn.de/de/Mangalica-Produkte/Bauchspeck-vom-Wollschwein-ca-500g.html"> 15,99 EUR</a></span>
															<br>
								
																						<span class="small"> 31,98 EUR pro Kg<br></span>
													</div>
					</div>
				</div>
			</div>
		</div>

		
	
		<div class="article-list-item">
			<div class="article-list-item-inside">
				<div class="article-list-item-image">
									<span id="new_products_54" class="flyover_item"><a href="https://www.feinkost-aus-ungarn.de/de/Mangalica-Produkte/Mangalica-Grieben-400g-Vakuumverpackt.html"><img src="images/product_images/thumbnail_images/wollschwein_grieben_400g_vakkumier_521_1.jpg" alt="Mangalica Grieben 400g Vakuumverpackt" title="Mangalica Grieben 400g Vakuumverpackt"></a></span>
								</div>
				<div class="article-list-item-text">
					<p class="title"><a href="https://www.feinkost-aus-ungarn.de/de/Mangalica-Produkte/Mangalica-Grieben-400g-Vakuumverpackt.html" title="Tepertő | Mangalica Grieben 400g / Packung isst man mit Brot, ein kochen ist...">Mangalica Grieben 400g Vakuumverpackt</a></p>
					<div class="article-list-item-price">
						<div class="article-list-item-price-inline">

							<span class="price"><a href="https://www.feinkost-aus-ungarn.de/de/Mangalica-Produkte/Mangalica-Grieben-400g-Vakuumverpackt.html"> 6,49 EUR</a></span>
															<br>
								
																						<span class="small"> 16,23 EUR pro Kg<br></span>
													</div>
					</div>
				</div>
			</div>
		</div>

		
	
		<div class="article-list-item">
			<div class="article-list-item-inside">
				<div class="article-list-item-image">
									<span id="new_products_53" class="flyover_item"><a href="https://www.feinkost-aus-ungarn.de/de/Mangalica-Produkte/Mangalinis-scharfe-wuerstchen-vom-Mangalitza-Wollschwein-80g.html"><img src="images/product_images/thumbnail_images/mangalitza_mangalinis_scharf.jpg" alt="Mangalinis | scharfe würstchen vom Mangalitza-Wollschwein 80g" title="Mangalinis | scharfe würstchen vom Mangalitza-Wollschwein 80g"></a></span>
								</div>
				<div class="article-list-item-text">
					<p class="title"><a href="https://www.feinkost-aus-ungarn.de/de/Mangalica-Produkte/Mangalinis-scharfe-wuerstchen-vom-Mangalitza-Wollschwein-80g.html" title="Mangalinis | scharfe würstchen vom Mangalitza-Wollschwein 80g | Kleine Mini-...">Mangalinis | scharfe würstchen vom...</a></p>
					<div class="article-list-item-price">
						<div class="article-list-item-price-inline">

							<span class="price"><a href="https://www.feinkost-aus-ungarn.de/de/Mangalica-Produkte/Mangalinis-scharfe-wuerstchen-vom-Mangalitza-Wollschwein-80g.html"> 3,89 EUR</a></span>
															<br>
								
																						<span class="small"> 48,63 EUR pro Kg<br></span>
													</div>
					</div>
				</div>
			</div>
		</div>

		
	
		<div class="article-list-item">
			<div class="article-list-item-inside">
				<div class="article-list-item-image">
									<span id="new_products_50" class="flyover_item"><a href="https://www.feinkost-aus-ungarn.de/de/Pick-Szeged-Zrt-/PICK-Tourist-Salami-400g-Original-ungarisch.html"><img src="images/product_images/thumbnail_images/large_10078.jpg" alt="PICK Tourist Salami 400g | Original ungarisch" title="PICK Tourist Salami 400g | Original ungarisch"></a></span>
								</div>
				<div class="article-list-item-text">
					<p class="title"><a href="https://www.feinkost-aus-ungarn.de/de/Pick-Szeged-Zrt-/PICK-Tourist-Salami-400g-Original-ungarisch.html" title="PICK Tourist Salami 400g | Original ungarische | PICK Téliszalámi 400g | -mit...">PICK Tourist Salami 400g | Original...</a></p>
					<div class="article-list-item-price">
						<div class="article-list-item-price-inline">

							<span class="price"><a href="https://www.feinkost-aus-ungarn.de/de/Pick-Szeged-Zrt-/PICK-Tourist-Salami-400g-Original-ungarisch.html"> 9,19 EUR</a></span>
															<br>
								
																						<span class="small"> 22,98 EUR pro Kg<br></span>
													</div>
					</div>
				</div>
			</div>
		</div>

		
	
		<div class="article-list-item">
			<div class="article-list-item-inside">
				<div class="article-list-item-image">
									<span id="new_products_47" class="flyover_item"><a href="https://www.feinkost-aus-ungarn.de/de/Univer-Zrt/Piros-Arany-Paprikacreme-Rotes-Gold-scharf-160g-UNIVER.html"><img src="images/product_images/thumbnail_images/piros-arany-csipos-160g-tubus_fau.jpg" alt="Piros Arany Paprikacreme (&quot;Rotes Gold&quot;) scharf 160g | UNIVER" title="Piros Arany Paprikacreme (&quot;Rotes Gold&quot;) scharf 160g | UNIVER"></a></span>
								</div>
				<div class="article-list-item-text">
					<p class="title"><a href="https://www.feinkost-aus-ungarn.de/de/Univer-Zrt/Piros-Arany-Paprikacreme-Rotes-Gold-scharf-160g-UNIVER.html" title="Piros Arany Paprikacreme (&quot;Rotes Gold&quot;) scharf 160g | UNIVER | Paprikacreme...">Piros Arany Paprikacreme ("Rotes...</a></p>
					<div class="article-list-item-price">
						<div class="article-list-item-price-inline">

							<span class="price"><a href="https://www.feinkost-aus-ungarn.de/de/Univer-Zrt/Piros-Arany-Paprikacreme-Rotes-Gold-scharf-160g-UNIVER.html"> 2,09 EUR</a></span>
															<br>
								
																						<span class="small"> 13,06 EUR pro Kg<br></span>
													</div>
					</div>
				</div>
			</div>
		</div>

		
	
		<div class="article-list-item">
			<div class="article-list-item-inside">
				<div class="article-list-item-image">
									<span id="new_products_46" class="flyover_item"><a href="https://www.feinkost-aus-ungarn.de/de/Univer-Zrt/Piros-Arany-Paprikacreme-Rotes-Gold-mild-160g-UNIVER.html"><img src="images/product_images/thumbnail_images/piros-arany-csemege-160g-tubus_fau.jpg" alt="Piros Arany Paprikacreme (&quot;Rotes Gold&quot;) mild 160g | UNIVER" title="Piros Arany Paprikacreme (&quot;Rotes Gold&quot;) mild 160g | UNIVER"></a></span>
								</div>
				<div class="article-list-item-text">
					<p class="title"><a href="https://www.feinkost-aus-ungarn.de/de/Univer-Zrt/Piros-Arany-Paprikacreme-Rotes-Gold-mild-160g-UNIVER.html" title="Piros Arany Paprikacreme (&quot;Rotes Gold&quot;) mild 160g | UNIVER | Paprikacreme von...">Piros Arany Paprikacreme ("Rotes...</a></p>
					<div class="article-list-item-price">
						<div class="article-list-item-price-inline">

							<span class="price"><a href="https://www.feinkost-aus-ungarn.de/de/Univer-Zrt/Piros-Arany-Paprikacreme-Rotes-Gold-mild-160g-UNIVER.html"> 2,09 EUR</a></span>
															<br>
								
																						<span class="small"> 13,06 EUR pro Kg<br></span>
													</div>
					</div>
				</div>
			</div>
		</div>

		
	
		<div class="article-list-item">
			<div class="article-list-item-inside">
				<div class="article-list-item-image">
									<span id="new_products_45" class="flyover_item"><a href="https://www.feinkost-aus-ungarn.de/de/Univer-Zrt/Ungarische-Gulaschcreme-scharf-160g-UNIVER.html"><img src="images/product_images/thumbnail_images/gulyaskrem-csipos-160g-tubus_fau.jpg" alt="Ungarische Gulaschcreme scharf 160g | von UNIVER" title="Ungarische Gulaschcreme scharf 160g | von UNIVER"></a></span>
								</div>
				<div class="article-list-item-text">
					<p class="title"><a href="https://www.feinkost-aus-ungarn.de/de/Univer-Zrt/Ungarische-Gulaschcreme-scharf-160g-UNIVER.html" title="Ungarische Gulaschcreme scharf 160g | von UNIVER |">Ungarische Gulaschcreme scharf 160g |...</a></p>
					<div class="article-list-item-price">
						<div class="article-list-item-price-inline">

							<span class="price"><a href="https://www.feinkost-aus-ungarn.de/de/Univer-Zrt/Ungarische-Gulaschcreme-scharf-160g-UNIVER.html"> 2,09 EUR</a></span>
															<br>
								
																						<span class="small"> 13,06 EUR pro Kg<br></span>
													</div>
					</div>
				</div>
			</div>
		</div>

		
	
		<div class="article-list-item">
			<div class="article-list-item-inside">
				<div class="article-list-item-image">
									<span id="new_products_44" class="flyover_item"><a href="https://www.feinkost-aus-ungarn.de/de/Univer-Zrt/Ungarische-Gulaschcreme-mild-160g-von-UNIVER.html"><img src="images/product_images/thumbnail_images/gulyaskrem-csemege-160g-tubus_fau.jpg" alt="Ungarische Gulaschcreme mild 160g | von UNIVER" title="Ungarische Gulaschcreme mild 160g | von UNIVER"></a></span>
								</div>
				<div class="article-list-item-text">
					<p class="title"><a href="https://www.feinkost-aus-ungarn.de/de/Univer-Zrt/Ungarische-Gulaschcreme-mild-160g-von-UNIVER.html" title="Ungarische Gulaschcreme mild 160g | von UNIVER | Die Besonderheit des...">Ungarische Gulaschcreme mild 160g |...</a></p>
					<div class="article-list-item-price">
						<div class="article-list-item-price-inline">

							<span class="price"><a href="https://www.feinkost-aus-ungarn.de/de/Univer-Zrt/Ungarische-Gulaschcreme-mild-160g-von-UNIVER.html"> 2,09 EUR</a></span>
															<br>
								
																						<span class="small"> 13,06 EUR pro Kg<br></span>
													</div>
					</div>
				</div>
			</div>
		</div>

		
	
		<div class="article-list-item">
			<div class="article-list-item-inside">
				<div class="article-list-item-image">
									<span id="new_products_42" class="flyover_item"><a href="https://www.feinkost-aus-ungarn.de/de/Chili-Trade/Csipoes-Huszar-scharfe-Paprikapaste-210g-Chili-Trade.html"><img src="images/product_images/thumbnail_images/chili_trade_csipoes_huszar.jpg" alt="Csipös Huszár - scharfe Paprikapaste 210g | Chili Trade" title="Csipös Huszár - scharfe Paprikapaste 210g | Chili Trade"></a></span>
								</div>
				<div class="article-list-item-text">
					<p class="title"><a href="https://www.feinkost-aus-ungarn.de/de/Chili-Trade/Csipoes-Huszar-scharfe-Paprikapaste-210g-Chili-Trade.html" title="Chili Trade Csipös Huszár - scharfe Paprikapaste 210g | Magyar Termék...">Csipös Huszár - scharfe Paprikapaste...</a></p>
					<div class="article-list-item-price">
						<div class="article-list-item-price-inline">

							<span class="price"><a href="https://www.feinkost-aus-ungarn.de/de/Chili-Trade/Csipoes-Huszar-scharfe-Paprikapaste-210g-Chili-Trade.html"> 2,89 EUR</a></span>
															<br>
								
																						<span class="small"> 13,76 EUR pro Kg<br></span>
													</div>
					</div>
				</div>
			</div>
		</div>

		
	
		<div class="article-list-item">
			<div class="article-list-item-inside">
				<div class="article-list-item-image">
									<span id="new_products_61" class="flyover_item"><a href="https://www.feinkost-aus-ungarn.de/de/Pick-Szeged-Zrt-/PICK-Original-ungarische-Salami-Normalstangen-ca-1-25kg.html"><img src="images/product_images/thumbnail_images/pick_aufgeschnitten.jpg" alt="PICK Original ungarische Salami - Normalstangen ca. 1,3kg" title="PICK Original ungarische Salami - Normalstangen ca. 1,3kg"></a></span>
								</div>
				<div class="article-list-item-text">
					<p class="title"><a href="https://www.feinkost-aus-ungarn.de/de/Pick-Szeged-Zrt-/PICK-Original-ungarische-Salami-Normalstangen-ca-1-25kg.html" title="PICK Original ungarische Salami - Normalstangen ca. 1,25kg | Schweinefleisch,...">PICK Original ungarische Salami -...</a></p>
					<div class="article-list-item-price">
						<div class="article-list-item-price-inline">

							<span class="price"><a href="https://www.feinkost-aus-ungarn.de/de/Pick-Szeged-Zrt-/PICK-Original-ungarische-Salami-Normalstangen-ca-1-25kg.html"> 28,99 EUR</a></span>
															<br>
								
																						<span class="small"> 22,30 EUR pro Kg<br></span>
													</div>
					</div>
				</div>
			</div>
		</div>

		
	
		<div class="article-list-item">
			<div class="article-list-item-inside">
				<div class="article-list-item-image">
									<span id="new_products_62" class="flyover_item"><a href="https://www.feinkost-aus-ungarn.de/de/Pick-Szeged-Zrt-/4-x-PICK-Original-ungarische-Salami-Normalstangen-ca-1-25kg.html"><img src="images/product_images/thumbnail_images/pick_aufgeschnitten_4stk.jpg" alt="4 x PICK Original ungarische Salami - Normalstangen ca. 1,3kg" title="4 x PICK Original ungarische Salami - Normalstangen ca. 1,3kg"></a></span>
								</div>
				<div class="article-list-item-text">
					<p class="title"><a href="https://www.feinkost-aus-ungarn.de/de/Pick-Szeged-Zrt-/4-x-PICK-Original-ungarische-Salami-Normalstangen-ca-1-25kg.html" title="PICK Original ungarische Salami - Normalstangen ca. 1,25kg | Schweinefleisch,...">4 x PICK Original ungarische Salami -...</a></p>
					<div class="article-list-item-price">
						<div class="article-list-item-price-inline">

							<span class="price"><a href="https://www.feinkost-aus-ungarn.de/de/Pick-Szeged-Zrt-/4-x-PICK-Original-ungarische-Salami-Normalstangen-ca-1-25kg.html"> 111,99 EUR</a></span>
															<br>
								
																						<span class="small"> 20,74 EUR pro Kg<br></span>
													</div>
					</div>
				</div>
			</div>
		</div>

		
	
		<div class="article-list-item">
			<div class="article-list-item-inside">
				<div class="article-list-item-image">
									<span id="new_products_76" class="flyover_item"><a href="https://www.feinkost-aus-ungarn.de/de/ZWACK-Unicum/Unicum-0-7-l-Geschenkverpackung-Kraeuterlikoer-mit-2-Glaesern.html"><img src="images/product_images/thumbnail_images/unicum_kraeuterlikoer_geschenkpackung_07liter_2_fau.jpg" alt="Unicum 0,7 l Geschenkverpackung | Kräuterlikör mit 2 Gläsern" title="Unicum 0,7 l Geschenkverpackung | Kräuterlikör mit 2 Gläsern"></a></span>
								</div>
				<div class="article-list-item-text">
					<p class="title"><a href="https://www.feinkost-aus-ungarn.de/de/ZWACK-Unicum/Unicum-0-7-l-Geschenkverpackung-Kraeuterlikoer-mit-2-Glaesern.html" title="Unicum 0,7 l Geschenkverpackung Stilecht verpackt  Das perfekte Geschenk: Ein...">Unicum 0,7 l Geschenkverpackung |...</a></p>
					<div class="article-list-item-price">
						<div class="article-list-item-price-inline">

							<span class="price"><a href="https://www.feinkost-aus-ungarn.de/de/ZWACK-Unicum/Unicum-0-7-l-Geschenkverpackung-Kraeuterlikoer-mit-2-Glaesern.html"> 25,99 EUR</a></span>
															<br>
								
																						<span class="small"> 37,13 EUR pro liter<br></span>
													</div>
					</div>
				</div>
			</div>
		</div>

		
	
		<div class="article-list-item">
			<div class="article-list-item-inside">
				<div class="article-list-item-image">
									<span id="new_products_74" class="flyover_item"><a href="https://www.feinkost-aus-ungarn.de/de/REX-Ciborum/ORSI-1982/ORSI-Gaensefett-200g.html"><img src="images/product_images/thumbnail_images/orsi_gaensefettt_200g_feinkost_aus_ungarn.jpg" alt="ORSI Gänsefett 200g" title="ORSI Gänsefett 200g"></a></span>
								</div>
				<div class="article-list-item-text">
					<p class="title"><a href="https://www.feinkost-aus-ungarn.de/de/REX-Ciborum/ORSI-1982/ORSI-Gaensefett-200g.html" title="ORSI Gänsefett 200g | Libazsir | Gänseschmalz">ORSI Gänsefett 200g</a></p>
					<div class="article-list-item-price">
						<div class="article-list-item-price-inline">

							<span class="price"><a href="https://www.feinkost-aus-ungarn.de/de/REX-Ciborum/ORSI-1982/ORSI-Gaensefett-200g.html"> 3,09 EUR</a></span>
															<br>
								
																						<span class="small"> 15,45 EUR pro Kg<br></span>
													</div>
					</div>
				</div>
			</div>
		</div>

		
	
		<div class="article-list-item">
			<div class="article-list-item-inside">
				<div class="article-list-item-image">
									<span id="new_products_73" class="flyover_item"><a href="https://www.feinkost-aus-ungarn.de/de/Teigwaren/Csiga-Gyermelyi-Nudeln-schnecken-250g.html"><img src="images/product_images/thumbnail_images/csiga_gyermelyi_nudeln_fau.jpg" alt="Csiga | Gyermelyi Nudeln | schnecken 250g" title="Csiga | Gyermelyi Nudeln | schnecken 250g"></a></span>
								</div>
				<div class="article-list-item-text">
					<p class="title"><a href="https://www.feinkost-aus-ungarn.de/de/Teigwaren/Csiga-Gyermelyi-Nudeln-schnecken-250g.html" title="Gyermelyi Nudeln aus Ungarn | Csiga  Eiernudeln mit 8 Eiern &quot;SCHNECKE&quot;">Csiga | Gyermelyi Nudeln | schnecken...</a></p>
					<div class="article-list-item-price">
						<div class="article-list-item-price-inline">

							<span class="price"><a href="https://www.feinkost-aus-ungarn.de/de/Teigwaren/Csiga-Gyermelyi-Nudeln-schnecken-250g.html"> Nur  0,95 EUR</a></span>
															<br>
								
																						<span class="small"> 3,80 EUR pro Kg<br></span>
													</div>
					</div>
				</div>
			</div>
		</div>

		
	
		<div class="article-list-item">
			<div class="article-list-item-inside">
				<div class="article-list-item-image">
									<span id="new_products_72" class="flyover_item"><a href="https://www.feinkost-aus-ungarn.de/de/Ungarische-Gulaschsuppe-SET-selbst-zubereiten-inkl-Rezept.html"><img src="images/product_images/thumbnail_images/gulasch_selbst_zubereiten_feinkost_aus_ungarn_de.jpg" alt="Ungarische Gulaschsuppe &quot;SET&quot; selbst zubereiten inkl. Rezept" title="Ungarische Gulaschsuppe &quot;SET&quot; selbst zubereiten inkl. Rezept"></a></span>
								</div>
				<div class="article-list-item-text">
					<p class="title"><a href="https://www.feinkost-aus-ungarn.de/de/Ungarische-Gulaschsuppe-SET-selbst-zubereiten-inkl-Rezept.html" title="Bereiten Sie Ihre Gulaschsuppe selbst zu mit unserem gulaschsuppen-SET von...">Ungarische Gulaschsuppe...</a></p>
					<div class="article-list-item-price">
						<div class="article-list-item-price-inline">

							<span class="price"><a href="https://www.feinkost-aus-ungarn.de/de/Ungarische-Gulaschsuppe-SET-selbst-zubereiten-inkl-Rezept.html"> 14,99 EUR</a></span>
															<br>
								
																						<span class="small"> 14,99 EUR pro stück<br></span>
													</div>
					</div>
				</div>
			</div>
		</div>

		
	
		<div class="article-list-item">
			<div class="article-list-item-inside">
				<div class="article-list-item-image">
									<span id="new_products_71" class="flyover_item"><a href="https://www.feinkost-aus-ungarn.de/de/REX-Ciborum/Ungarisches-Gaenseleber-Parfait-145g-Dose-REX-CIBORUM.html"><img src="images/product_images/thumbnail_images/gaenseleber_parfait_145g_feinkost_aus_ungarn.jpg" alt="Ungarisches Gänseleber Parfait 145g Dose | REX CIBORUM" title="Ungarisches Gänseleber Parfait 145g Dose | REX CIBORUM"></a></span>
								</div>
				<div class="article-list-item-text">
					<p class="title"><a href="https://www.feinkost-aus-ungarn.de/de/REX-Ciborum/Ungarisches-Gaenseleber-Parfait-145g-Dose-REX-CIBORUM.html" title="Ungarisches Gänseleber Parfait 145g Dose | REX CIBORUM">Ungarisches Gänseleber Parfait 145g...</a></p>
					<div class="article-list-item-price">
						<div class="article-list-item-price-inline">

							<span class="price"><a href="https://www.feinkost-aus-ungarn.de/de/REX-Ciborum/Ungarisches-Gaenseleber-Parfait-145g-Dose-REX-CIBORUM.html"> 26,99 EUR</a></span>
															<br>
								
																						<span class="small"> 186,14 EUR pro Kg<br></span>
													</div>
					</div>
				</div>
			</div>
		</div>

		
	
		<div class="article-list-item">
			<div class="article-list-item-inside">
				<div class="article-list-item-image">
									<span id="new_products_70" class="flyover_item"><a href="https://www.feinkost-aus-ungarn.de/de/Pick-Szeged-Zrt-/Original-ungarische-Paprika-Kolbasz-Paare-1kg-PICK.html"><img src="images/product_images/thumbnail_images/15518pickechtungarischepaprikakolbaszpaare.jpg" alt="Original ungarische Paprika-Kolbasz Paare 1kg | PICK" title="Original ungarische Paprika-Kolbasz Paare 1kg | PICK"></a></span>
								</div>
				<div class="article-list-item-text">
					<p class="title"><a href="https://www.feinkost-aus-ungarn.de/de/Pick-Szeged-Zrt-/Original-ungarische-Paprika-Kolbasz-Paare-1kg-PICK.html" title="Pick Kolbasz | PICK Orig. ungarische Paprika-Kolbasz Paare Kolbasz Paare 1 kg...">Original ungarische Paprika-Kolbasz...</a></p>
					<div class="article-list-item-price">
						<div class="article-list-item-price-inline">

							<span class="price"><a href="https://www.feinkost-aus-ungarn.de/de/Pick-Szeged-Zrt-/Original-ungarische-Paprika-Kolbasz-Paare-1kg-PICK.html"> 17,99 EUR</a></span>
															<br>
								
																						<span class="small"> 17,99 EUR pro Kg<br></span>
													</div>
					</div>
				</div>
			</div>
		</div>

		
	
		<div class="article-list-item">
			<div class="article-list-item-inside">
				<div class="article-list-item-image">
									<span id="new_products_69" class="flyover_item"><a href="https://www.feinkost-aus-ungarn.de/de/ZWACK-Unicum/Zwack-Unicum-Kraeuterlikoer-5-liter-Megaflasche-OHNE-Schwenker.html"><img src="images/product_images/thumbnail_images/zwack_unicum_likoer_40_5_0l_grossflasche_liqueur.jpg" alt="Zwack Unicum Kräuterlikör 5 liter Megaflasche | OHNE Schwenker" title="Zwack Unicum Kräuterlikör 5 liter Megaflasche | OHNE Schwenker"></a></span>
								</div>
				<div class="article-list-item-text">
					<p class="title"><a href="https://www.feinkost-aus-ungarn.de/de/ZWACK-Unicum/Zwack-Unicum-Kraeuterlikoer-5-liter-Megaflasche-OHNE-Schwenker.html" title="Zwack Unicum Kräuterlikör 5 liter Megaflasche | OHNE Schwenker &gt; Seine...">Zwack Unicum Kräuterlikör 5 liter...</a></p>
					<div class="article-list-item-price">
						<div class="article-list-item-price-inline">

							<span class="price"><a href="https://www.feinkost-aus-ungarn.de/de/ZWACK-Unicum/Zwack-Unicum-Kraeuterlikoer-5-liter-Megaflasche-OHNE-Schwenker.html"> 132,00 EUR</a></span>
															<br>
								
																						<span class="small"> 26,40 EUR pro liter<br></span>
													</div>
					</div>
				</div>
			</div>
		</div>

		
	
		<div class="article-list-item">
			<div class="article-list-item-inside">
				<div class="article-list-item-image">
									<span id="new_products_68" class="flyover_item"><a href="https://www.feinkost-aus-ungarn.de/de/ZWACK-Unicum/UNICUM-Tablett.html"><img src="images/product_images/thumbnail_images/unicum_tablett_feinkost_aus_ungarn.png" alt="UNICUM Tablett" title="UNICUM Tablett"></a></span>
								</div>
				<div class="article-list-item-text">
					<p class="title"><a href="https://www.feinkost-aus-ungarn.de/de/ZWACK-Unicum/UNICUM-Tablett.html" title="UNICUM Tablett | feinkost-aus-ungarn.de | Zwack Unicum Anno 1790 | Ihre...">UNICUM Tablett</a></p>
					<div class="article-list-item-price">
						<div class="article-list-item-price-inline">

							<span class="price"><a href="https://www.feinkost-aus-ungarn.de/de/ZWACK-Unicum/UNICUM-Tablett.html"> 8,99 EUR</a></span>
															<br>
								
																				</div>
					</div>
				</div>
			</div>
		</div>

		
	
		<div class="article-list-item">
			<div class="article-list-item-inside">
				<div class="article-list-item-image">
									<span id="new_products_67" class="flyover_item"><a href="https://www.feinkost-aus-ungarn.de/de/Gyulahus/Gyulai-paros-kolbasz-mild-180g-Kisparos.html"><img src="images/product_images/thumbnail_images/kisparos_gyulai_kolbasz.jpg" alt="Gyulai | paros kolbasz mild 180g | Kispáros" title="Gyulai | paros kolbasz mild 180g | Kispáros"></a></span>
								</div>
				<div class="article-list-item-text">
					<p class="title"><a href="https://www.feinkost-aus-ungarn.de/de/Gyulahus/Gyulai-paros-kolbasz-mild-180g-Kisparos.html" title="Gyulai Paroskolbasz gepaart | KISPÁROS KOLBÀSZ | Das weltberühmte Produkt...">Gyulai | paros kolbasz mild 180g |...</a></p>
					<div class="article-list-item-price">
						<div class="article-list-item-price-inline">

							<span class="price"><a href="https://www.feinkost-aus-ungarn.de/de/Gyulahus/Gyulai-paros-kolbasz-mild-180g-Kisparos.html"> 4,49 EUR</a></span>
															<br>
								
																						<span class="small"> 24,94 EUR pro Kg<br></span>
													</div>
					</div>
				</div>
			</div>
		</div>

		
	
		<div class="article-list-item">
			<div class="article-list-item-inside">
				<div class="article-list-item-image">
									<span id="new_products_66" class="flyover_item"><a href="https://www.feinkost-aus-ungarn.de/de/Gyulahus/Geschenkverpackung-Gyulai-Paroskolbasz-u-Pokol-Kolbasz.html"><img src="images/product_images/thumbnail_images/gyulai_geschenkpackung_offen_feinkost_aus_ungarn.jpg" alt="Geschenkverpackung | Gyulai Pároskolbász u. Pokol Kolbász" title="Geschenkverpackung | Gyulai Pároskolbász u. Pokol Kolbász"></a></span>
								</div>
				<div class="article-list-item-text">
					<p class="title"><a href="https://www.feinkost-aus-ungarn.de/de/Gyulahus/Geschenkverpackung-Gyulai-Paroskolbasz-u-Pokol-Kolbasz.html" title="Geschenkverpackung | Gyulai´s Gourmet Selection | Gyulai Pároskolbász 250g u....">Geschenkverpackung | Gyulai...</a></p>
					<div class="article-list-item-price">
						<div class="article-list-item-price-inline">

							<span class="price"><a href="https://www.feinkost-aus-ungarn.de/de/Gyulahus/Geschenkverpackung-Gyulai-Paroskolbasz-u-Pokol-Kolbasz.html"> 15,99 EUR</a></span>
															<br>
								
																				</div>
					</div>
				</div>
			</div>
		</div>

		
	
		<div class="article-list-item">
			<div class="article-list-item-inside">
				<div class="article-list-item-image">
									<span id="new_products_64" class="flyover_item"><a href="https://www.feinkost-aus-ungarn.de/de/Univer-Zrt/Eroes-Pista-Paprikapaste-scharf-160g-Tube-Starker-Stefan-12er-Karton.html"><img src="images/product_images/thumbnail_images/eras_pista_12er_160g_tuben.jpg" alt="Erös Pista Paprikapaste scharf 160g Tube | Starker Stefan 12er Karton" title="Erös Pista Paprikapaste scharf 160g Tube | Starker Stefan 12er Karton"></a></span>
								</div>
				<div class="article-list-item-text">
					<p class="title"><a href="https://www.feinkost-aus-ungarn.de/de/Univer-Zrt/Eroes-Pista-Paprikapaste-scharf-160g-Tube-Starker-Stefan-12er-Karton.html" title="Erös Pista Paprikapaste scharf 160g Tube | Starker Stefan 12er Karton | Erős...">Erös Pista Paprikapaste scharf 160g...</a></p>
					<div class="article-list-item-price">
						<div class="article-list-item-price-inline">

							<span class="price"><a href="https://www.feinkost-aus-ungarn.de/de/Univer-Zrt/Eroes-Pista-Paprikapaste-scharf-160g-Tube-Starker-Stefan-12er-Karton.html"> 24,99 EUR</a></span>
															<br>
								
																						<span class="small"> 13,02 EUR pro Kg<br></span>
													</div>
					</div>
				</div>
			</div>
		</div>

		
	
		<div class="article-list-item">
			<div class="article-list-item-inside">
				<div class="article-list-item-image">
									<span id="new_products_63" class="flyover_item"><a href="https://www.feinkost-aus-ungarn.de/de/Univer-Zrt/Eroes-Pista-Paprikapaste-scharf-160g-Tube-Starker-Stefan.html"><img src="images/product_images/thumbnail_images/univer-eros-pista-70g-tubus_fau.jpg" alt="Erös Pista Paprikapaste scharf 160g Tube | Starker Stefan" title="Erös Pista Paprikapaste scharf 160g Tube | Starker Stefan"></a></span>
								</div>
				<div class="article-list-item-text">
					<p class="title"><a href="https://www.feinkost-aus-ungarn.de/de/Univer-Zrt/Eroes-Pista-Paprikapaste-scharf-160g-Tube-Starker-Stefan.html" title="Erös Pista Paprikapaste scharf 160g Tube | Starker Stefan | Paprikamark Extra...">Erös Pista Paprikapaste scharf 160g...</a></p>
					<div class="article-list-item-price">
						<div class="article-list-item-price-inline">

							<span class="price"><a href="https://www.feinkost-aus-ungarn.de/de/Univer-Zrt/Eroes-Pista-Paprikapaste-scharf-160g-Tube-Starker-Stefan.html"> 2,09 EUR</a></span>
															<br>
								
																						<span class="small"> 13,06 EUR pro Kg<br></span>
													</div>
					</div>
				</div>
			</div>
		</div>

		
	
		<div class="article-list-item">
			<div class="article-list-item-inside">
				<div class="article-list-item-image">
									<span id="new_products_41" class="flyover_item"><a href="https://www.feinkost-aus-ungarn.de/de/Chili-Trade/Kalocsai-Gulaschcreme-mild-160g-CHILI-TRADE.html"><img src="images/product_images/thumbnail_images/gulyaskram-160g-ades.jpg" alt="Kalocsai Gulaschcreme mild 160g | von CHILI-TRADE MHD**29.07.2017" title="Kalocsai Gulaschcreme mild 160g | von CHILI-TRADE MHD**29.07.2017"></a></span>
								</div>
				<div class="article-list-item-text">
					<p class="title"><a href="https://www.feinkost-aus-ungarn.de/de/Chili-Trade/Kalocsai-Gulaschcreme-mild-160g-CHILI-TRADE.html" title="Kalocsai Gulaschcreme mild 160g | von CHILI-TRADE | Wir empfehlen diese...">Kalocsai Gulaschcreme mild 160g | von...</a></p>
					<div class="article-list-item-price">
						<div class="article-list-item-price-inline">

							<span class="price"><a href="https://www.feinkost-aus-ungarn.de/de/Chili-Trade/Kalocsai-Gulaschcreme-mild-160g-CHILI-TRADE.html"> 2,04 EUR</a></span>
															<br>
								
																						<span class="small"> 12,75 EUR pro Kg<br></span>
													</div>
					</div>
				</div>
			</div>
		</div>

		
	
		<div class="article-list-item">
			<div class="article-list-item-inside">
				<div class="article-list-item-image">
									<span id="new_products_40" class="flyover_item"><a href="https://www.feinkost-aus-ungarn.de/de/Chili-Trade/Kalocsai-Gulaschcreme-scharf-160g-CHILI-TRADE.html"><img src="images/product_images/thumbnail_images/gulyaskram-160g-eras.jpg" alt="Kalocsai Gulaschcreme scharf 160g | von CHILI-TRADE" title="Kalocsai Gulaschcreme scharf 160g | von CHILI-TRADE"></a></span>
								</div>
				<div class="article-list-item-text">
					<p class="title"><a href="https://www.feinkost-aus-ungarn.de/de/Chili-Trade/Kalocsai-Gulaschcreme-scharf-160g-CHILI-TRADE.html" title="Kalocsai Gulaschcreme scharf 160g | von CHILI-TRADE | Wir empfehlen diese...">Kalocsai Gulaschcreme scharf 160g |...</a></p>
					<div class="article-list-item-price">
						<div class="article-list-item-price-inline">

							<span class="price"><a href="https://www.feinkost-aus-ungarn.de/de/Chili-Trade/Kalocsai-Gulaschcreme-scharf-160g-CHILI-TRADE.html"> 2,39 EUR</a></span>
															<br>
								
																						<span class="small"> 14,94 EUR pro Kg<br></span>
													</div>
					</div>
				</div>
			</div>
		</div>

		
	
		<div class="article-list-item">
			<div class="article-list-item-inside">
				<div class="article-list-item-image">
									<span id="new_products_17" class="flyover_item"><a href="https://www.feinkost-aus-ungarn.de/de/haushaltswaren/Gusseisener-Gassbrenner-fuer-Gulaschkessel.html"><img src="images/product_images/thumbnail_images/71094_11_600_ph_uj.jpg" alt="Gusseisener Gassbrenner für Gulaschkessel etz. | 5,5 kW" title="Gusseisener Gassbrenner für Gulaschkessel etz. | 5,5 kW"></a></span>
								</div>
				<div class="article-list-item-text">
					<p class="title"><a href="https://www.feinkost-aus-ungarn.de/de/haushaltswaren/Gusseisener-Gassbrenner-fuer-Gulaschkessel.html" title="Gusseisener Gassbrenner für Gulaschkessel etz. | 5,5 kW ,Gulasch,ungarisch...">Gusseisener Gassbrenner für...</a></p>
					<div class="article-list-item-price">
						<div class="article-list-item-price-inline">

							<span class="price"><a href="https://www.feinkost-aus-ungarn.de/de/haushaltswaren/Gusseisener-Gassbrenner-fuer-Gulaschkessel.html"> 21,99 EUR</a></span>
															<br>
								
																						<span class="small"> 21,99 EUR pro stück<br></span>
													</div>
					</div>
				</div>
			</div>
		</div>

		
	
		<div class="article-list-item">
			<div class="article-list-item-inside">
				<div class="article-list-item-image">
									<span id="new_products_16" class="flyover_item"><a href="https://www.feinkost-aus-ungarn.de/de/Univer-Zrt/UNIVER-Piros-Arany-XL-Rotes-Gold-SCHARF-240g.html"><img src="images/product_images/thumbnail_images/piros-arany-csipos-240g-xl-tubus_fau.jpg" alt="UNIVER Piros Arany XL Rotes Gold SCHARF 240g" title="UNIVER Piros Arany XL Rotes Gold SCHARF 240g"></a></span>
								</div>
				<div class="article-list-item-text">
					<p class="title"><a href="https://www.feinkost-aus-ungarn.de/de/Univer-Zrt/UNIVER-Piros-Arany-XL-Rotes-Gold-SCHARF-240g.html" title="UNIVER Piros Arany XL (&quot;Rotes Gold&quot;) SCHARF 240g | Paprikacreme von Univer...">UNIVER Piros Arany XL Rotes Gold...</a></p>
					<div class="article-list-item-price">
						<div class="article-list-item-price-inline">

							<span class="price"><a href="https://www.feinkost-aus-ungarn.de/de/Univer-Zrt/UNIVER-Piros-Arany-XL-Rotes-Gold-SCHARF-240g.html"> 3,19 EUR</a></span>
															<br>
								
																						<span class="small"> 13,29 EUR pro Kg<br></span>
													</div>
					</div>
				</div>
			</div>
		</div>

		
	
		<div class="article-list-item">
			<div class="article-list-item-inside">
				<div class="article-list-item-image">
									<span id="new_products_15" class="flyover_item"><a href="https://www.feinkost-aus-ungarn.de/de/Univer-Zrt/UNIVER-Piros-Arany-XL-Rotes-Gold-MILD-240g.html"><img src="images/product_images/thumbnail_images/piros-arany-csemege-240g-xl-tubus_fau.jpg" alt="UNIVER Piros Arany XL Rotes Gold MILD 240g" title="UNIVER Piros Arany XL Rotes Gold MILD 240g"></a></span>
								</div>
				<div class="article-list-item-text">
					<p class="title"><a href="https://www.feinkost-aus-ungarn.de/de/Univer-Zrt/UNIVER-Piros-Arany-XL-Rotes-Gold-MILD-240g.html" title="UNIVER Piros Arany XL (&quot;Rotes Gold&quot;) MILD 240g | Paprikacreme von Univer wird...">UNIVER Piros Arany XL Rotes Gold MILD...</a></p>
					<div class="article-list-item-price">
						<div class="article-list-item-price-inline">

							<span class="price"><a href="https://www.feinkost-aus-ungarn.de/de/Univer-Zrt/UNIVER-Piros-Arany-XL-Rotes-Gold-MILD-240g.html"> 3,19 EUR</a></span>
															<br>
								
																						<span class="small"> 13,29 EUR pro Kg<br></span>
													</div>
					</div>
				</div>
			</div>
		</div>

		
	
		<div class="article-list-item">
			<div class="article-list-item-inside">
				<div class="article-list-item-image">
									<span id="new_products_14" class="flyover_item"><a href="https://www.feinkost-aus-ungarn.de/de/Univer-Zrt/Univer-Gulaschcreme-mild-XL-240g.html"><img src="images/product_images/thumbnail_images/gulyaskrem-csemege-240g-xl-tubus_fau.jpg" alt="Univer Gulaschcreme &quot;mild&quot; XL 240g" title="Univer Gulaschcreme &quot;mild&quot; XL 240g"></a></span>
								</div>
				<div class="article-list-item-text">
					<p class="title"><a href="https://www.feinkost-aus-ungarn.de/de/Univer-Zrt/Univer-Gulaschcreme-mild-XL-240g.html" title="Univer Gulaschcreme &quot;mild&quot; XL 240g | Zur Zubereitung von Gulasch, Suppen,...">Univer Gulaschcreme "mild"...</a></p>
					<div class="article-list-item-price">
						<div class="article-list-item-price-inline">

							<span class="price"><a href="https://www.feinkost-aus-ungarn.de/de/Univer-Zrt/Univer-Gulaschcreme-mild-XL-240g.html"> 3,09 EUR</a></span>
															<br>
								
																						<span class="small"> 12,88 EUR pro Kg<br></span>
													</div>
					</div>
				</div>
			</div>
		</div>

		
	
		<div class="article-list-item">
			<div class="article-list-item-inside">
				<div class="article-list-item-image">
									<span id="new_products_13" class="flyover_item"><a href="https://www.feinkost-aus-ungarn.de/de/Univer-Zrt/Univer-Gulaschcreme-scharf-XL-240g.html"><img src="images/product_images/thumbnail_images/gulyaskrem-csipos-240g-xl-tube_fau.jpg" alt="Univer Gulaschcreme &quot;scharf&quot; XL 240g" title="Univer Gulaschcreme &quot;scharf&quot; XL 240g"></a></span>
								</div>
				<div class="article-list-item-text">
					<p class="title"><a href="https://www.feinkost-aus-ungarn.de/de/Univer-Zrt/Univer-Gulaschcreme-scharf-XL-240g.html" title="Univer Gulaschcreme &quot;scharf&quot; XL 240g | Zur Zubereitung von Gulasch, Suppen,...">Univer Gulaschcreme...</a></p>
					<div class="article-list-item-price">
						<div class="article-list-item-price-inline">

							<span class="price"><a href="https://www.feinkost-aus-ungarn.de/de/Univer-Zrt/Univer-Gulaschcreme-scharf-XL-240g.html"> 3,09 EUR</a></span>
															<br>
								
																						<span class="small"> 12,88 EUR pro Kg<br></span>
													</div>
					</div>
				</div>
			</div>
		</div>

		
	
		<div class="article-list-item">
			<div class="article-list-item-inside">
				<div class="article-list-item-image">
									<span id="new_products_12" class="flyover_item"><a href="https://www.feinkost-aus-ungarn.de/de/REX-Ciborum/REX-CIBORUM-Gaenseleber-mit-Geroesteten-Walnuessen-180g.html"><img src="images/product_images/thumbnail_images/rex-ciborum-goose-foie-gras-with-roasted-walnuts.jpg" alt="REX CIBORUM Gänseleber mit Gerösteten Walnüssen 180g" title="REX CIBORUM Gänseleber mit Gerösteten Walnüssen 180g"></a></span>
								</div>
				<div class="article-list-item-text">
					<p class="title"><a href="https://www.feinkost-aus-ungarn.de/de/REX-Ciborum/REX-CIBORUM-Gaenseleber-mit-Geroesteten-Walnuessen-180g.html" title="REX CIBORUM Gänseleber mit Gerösteten Walnüssen 180g | REX CIBORUM GOOSE FOIE...">REX CIBORUM Gänseleber mit Gerösteten...</a></p>
					<div class="article-list-item-price">
						<div class="article-list-item-price-inline">

							<span class="price"><a href="https://www.feinkost-aus-ungarn.de/de/REX-Ciborum/REX-CIBORUM-Gaenseleber-mit-Geroesteten-Walnuessen-180g.html"> 25,00 EUR</a></span>
															<br>
								
																						<span class="small"> 138,89 EUR pro Kg<br></span>
													</div>
					</div>
				</div>
			</div>
		</div>

		
	
		<div class="article-list-item">
			<div class="article-list-item-inside">
				<div class="article-list-item-image">
									<span id="new_products_11" class="flyover_item"><a href="https://www.feinkost-aus-ungarn.de/de/REX-Ciborum/REX-CIBORUM-Gaenseleber-mit-Ungarischen-Gewuerzen-180g.html"><img src="images/product_images/thumbnail_images/rex-ciborum-goose-foie-gras-with-hungarian-spices.jpg" alt="REX CIBORUM Gänseleber mit Ungarischen Gewürzen 180g" title="REX CIBORUM Gänseleber mit Ungarischen Gewürzen 180g"></a></span>
								</div>
				<div class="article-list-item-text">
					<p class="title"><a href="https://www.feinkost-aus-ungarn.de/de/REX-Ciborum/REX-CIBORUM-Gaenseleber-mit-Ungarischen-Gewuerzen-180g.html" title="REX CIBORUM Gänseleber mit Ungarischen Gewürzen 180g | REX CIBORUM LIBAMÁJ...">REX CIBORUM Gänseleber mit...</a></p>
					<div class="article-list-item-price">
						<div class="article-list-item-price-inline">

							<span class="price"><a href="https://www.feinkost-aus-ungarn.de/de/REX-Ciborum/REX-CIBORUM-Gaenseleber-mit-Ungarischen-Gewuerzen-180g.html"> 25,00 EUR</a></span>
															<br>
								
																						<span class="small"> 138,89 EUR pro Kg<br></span>
													</div>
					</div>
				</div>
			</div>
		</div>

		
	
		<div class="article-list-item">
			<div class="article-list-item-inside">
				<div class="article-list-item-image">
									<span id="new_products_10" class="flyover_item"><a href="https://www.feinkost-aus-ungarn.de/de/Chili-Trade/Chili-Getrockneter-scharfer-Paprika-gemahlen-50g.html"><img src="images/product_images/thumbnail_images/chili_2.jpg" alt="Chili Getrockneter scharfer Paprika gemahlen 50g" title="Chili Getrockneter scharfer Paprika gemahlen 50g"></a></span>
								</div>
				<div class="article-list-item-text">
					<p class="title"><a href="https://www.feinkost-aus-ungarn.de/de/Chili-Trade/Chili-Getrockneter-scharfer-Paprika-gemahlen-50g.html" title="Getrockneter scharfer Paprika gemahlen 50g | Chili aus Kalocsa Ungarn | Extra...">Chili Getrockneter scharfer Paprika...</a></p>
					<div class="article-list-item-price">
						<div class="article-list-item-price-inline">

							<span class="price"><a href="https://www.feinkost-aus-ungarn.de/de/Chili-Trade/Chili-Getrockneter-scharfer-Paprika-gemahlen-50g.html"> 2,99 EUR</a></span>
															<br>
								
																						<span class="small"> 59,80 EUR pro Kg<br></span>
													</div>
					</div>
				</div>
			</div>
		</div>

		
	
		<div class="article-list-item">
			<div class="article-list-item-inside">
				<div class="article-list-item-image">
									<span id="new_products_9" class="flyover_item"><a href="https://www.feinkost-aus-ungarn.de/de/REX-Ciborum/REX-CIBORUM-Ungarische-Gaenseleber-100g-Dose.html"><img src="images/product_images/thumbnail_images/goose_liver_au_naturel_100g.jpg" alt="REX CIBORUM | Ungarische Gänseleber 100g Dose" title="REX CIBORUM | Ungarische Gänseleber 100g Dose"></a></span>
								</div>
				<div class="article-list-item-text">
					<p class="title"><a href="https://www.feinkost-aus-ungarn.de/de/REX-Ciborum/REX-CIBORUM-Ungarische-Gaenseleber-100g-Dose.html" title="Original Ungarische Gänseleber 100g Dose | von REX CIBORUM Gerade...">REX CIBORUM | Ungarische Gänseleber...</a></p>
					<div class="article-list-item-price">
						<div class="article-list-item-price-inline">

							<span class="price"><a href="https://www.feinkost-aus-ungarn.de/de/REX-Ciborum/REX-CIBORUM-Ungarische-Gaenseleber-100g-Dose.html"> 23,99 EUR</a></span>
															<br>
								
																						<span class="small"> 239,90 EUR pro Kg<br></span>
													</div>
					</div>
				</div>
			</div>
		</div>

		
	
		<div class="article-list-item">
			<div class="article-list-item-inside">
				<div class="article-list-item-image">
									<span id="new_products_8" class="flyover_item"><a href="https://www.feinkost-aus-ungarn.de/de/Chili-Trade/CHILI-TRADE-Kalocsai-Knoblauchcreme-160g.html"><img src="images/product_images/thumbnail_images/fokhagymakrem_160g_fau.jpg" alt="CHILI-TRADE | Kalocsai Knoblauchcreme 160g" title="CHILI-TRADE | Kalocsai Knoblauchcreme 160g"></a></span>
								</div>
				<div class="article-list-item-text">
					<p class="title"><a href="https://www.feinkost-aus-ungarn.de/de/Chili-Trade/CHILI-TRADE-Kalocsai-Knoblauchcreme-160g.html" title="Knoblauchcreme aus dem Hause CHILI-TRADE bei Feinkost-aus-Ungarn.de">CHILI-TRADE | Kalocsai Knoblauchcreme...</a></p>
					<div class="article-list-item-price">
						<div class="article-list-item-price-inline">

							<span class="price"><a href="https://www.feinkost-aus-ungarn.de/de/Chili-Trade/CHILI-TRADE-Kalocsai-Knoblauchcreme-160g.html"> 2,79 EUR</a></span>
															<br>
								
																						<span class="small"> 17,44 EUR pro Kg<br></span>
													</div>
					</div>
				</div>
			</div>
		</div>

		
	
		<div class="article-list-item">
			<div class="article-list-item-inside">
				<div class="article-list-item-image">
									<span id="new_products_4" class="flyover_item"><a href="https://www.feinkost-aus-ungarn.de/de/Gyulahus/GYULAER-Pokol-Kolbasz-Hoellenwurst-250g-Ring.html"><img src="images/product_images/thumbnail_images/pokol_kolbasz_gyulai_feinkost_aus_ungarn_neu_14.jpg" alt="GYULAER Pokol Kolbász / Höllenwurst 250g Ring" title="GYULAER Pokol Kolbász / Höllenwurst 250g Ring"></a></span>
								</div>
				<div class="article-list-item-text">
					<p class="title"><a href="https://www.feinkost-aus-ungarn.de/de/Gyulahus/GYULAER-Pokol-Kolbasz-Hoellenwurst-250g-Ring.html" title="GYULAER WURST | Gyulai Höllenwurst scharf Schnittfeste Rohwurst mit Paprika...">GYULAER Pokol Kolbász / Höllenwurst...</a></p>
					<div class="article-list-item-price">
						<div class="article-list-item-price-inline">

							<span class="price"><a href="https://www.feinkost-aus-ungarn.de/de/Gyulahus/GYULAER-Pokol-Kolbasz-Hoellenwurst-250g-Ring.html"> 4,89 EUR</a></span>
															<br>
								
																						<span class="small"> 19,56 EUR pro Kg<br></span>
													</div>
					</div>
				</div>
			</div>
		</div>

		
	
		<div class="article-list-item">
			<div class="article-list-item-inside">
				<div class="article-list-item-image">
									<span id="new_products_3" class="flyover_item"><a href="https://www.feinkost-aus-ungarn.de/de/Univer-Zrt/Eroes-Pista-Paprikapaste-scharf-200g.html"><img src="images/product_images/thumbnail_images/univer-eros-pista-200g_fau.jpg" alt="Erös Pista Paprikapaste scharf 200g" title="Erös Pista Paprikapaste scharf 200g"></a></span>
								</div>
				<div class="article-list-item-text">
					<p class="title"><a href="https://www.feinkost-aus-ungarn.de/de/Univer-Zrt/Eroes-Pista-Paprikapaste-scharf-200g.html" title="UNIVER-Erös Pista Paprikapaste scharf 200g, Erös Pista paprika krém 200g">Erös Pista Paprikapaste scharf 200g</a></p>
					<div class="article-list-item-price">
						<div class="article-list-item-price-inline">

							<span class="price"><a href="https://www.feinkost-aus-ungarn.de/de/Univer-Zrt/Eroes-Pista-Paprikapaste-scharf-200g.html"> 2,59 EUR</a></span>
															<br>
								
																						<span class="small"> 12,95 EUR pro Kg<br></span>
													</div>
					</div>
				</div>
			</div>
		</div>

		
	
		<div class="article-list-item">
			<div class="article-list-item-inside">
				<div class="article-list-item-image">
									<span id="new_products_18" class="flyover_item"><a href="https://www.feinkost-aus-ungarn.de/de/Gulaschkessel-Servier-Set-3-teilig.html"><img src="images/product_images/thumbnail_images/11432.jpg" alt="Gulaschkessel Servier-Set, 3-teilig" title="Gulaschkessel Servier-Set, 3-teilig"></a></span>
								</div>
				<div class="article-list-item-text">
					<p class="title"><a href="https://www.feinkost-aus-ungarn.de/de/Gulaschkessel-Servier-Set-3-teilig.html" title="Gulaschkessel Servier-Set, 3-teilig Ungarischer Gulaschkessel Edelstahl 0,8liter">Gulaschkessel Servier-Set, 3-teilig</a></p>
					<div class="article-list-item-price">
						<div class="article-list-item-price-inline">

							<span class="price"><a href="https://www.feinkost-aus-ungarn.de/de/Gulaschkessel-Servier-Set-3-teilig.html"> 13,00 EUR</a></span>
															<br>
								
																						<span class="small"> 13,00 EUR pro stück<br></span>
													</div>
					</div>
				</div>
			</div>
		</div>

		
	
		<div class="article-list-item">
			<div class="article-list-item-inside">
				<div class="article-list-item-image">
									<span id="new_products_21" class="flyover_item"><a href="https://www.feinkost-aus-ungarn.de/de/Univer-Zrt/Edes-Anna-UNIVER-Paprikapaste-mild-200g.html"><img src="images/product_images/thumbnail_images/univer-edes-anna-200g_fau.jpg" alt="Èdes Anna |  UNIVER | Paprikapaste mild 200g" title="Èdes Anna |  UNIVER | Paprikapaste mild 200g"></a></span>
								</div>
				<div class="article-list-item-text">
					<p class="title"><a href="https://www.feinkost-aus-ungarn.de/de/Univer-Zrt/Edes-Anna-UNIVER-Paprikapaste-mild-200g.html" title="Èdes Anna |  UNIVER | Paprikapaste mild 200g">Èdes Anna |  UNIVER | Paprikapaste...</a></p>
					<div class="article-list-item-price">
						<div class="article-list-item-price-inline">

							<span class="price"><a href="https://www.feinkost-aus-ungarn.de/de/Univer-Zrt/Edes-Anna-UNIVER-Paprikapaste-mild-200g.html"> 2,45 EUR</a></span>
															<br>
								
																						<span class="small"> 12,25 EUR pro Kg<br></span>
													</div>
					</div>
				</div>
			</div>
		</div>

		
	
		<div class="article-list-item">
			<div class="article-list-item-inside">
				<div class="article-list-item-image">
									<span id="new_products_39" class="flyover_item"><a href="https://www.feinkost-aus-ungarn.de/de/Chili-Trade/Kalocsai-Paprikacreme-mild-160g-CHILI-TRADE.html"><img src="images/product_images/thumbnail_images/paprikakrem-160g-edes_fau.jpg" alt="Kalocsai Paprikacreme mild 160g | von CHILI-TRADE" title="Kalocsai Paprikacreme mild 160g | von CHILI-TRADE"></a></span>
								</div>
				<div class="article-list-item-text">
					<p class="title"><a href="https://www.feinkost-aus-ungarn.de/de/Chili-Trade/Kalocsai-Paprikacreme-mild-160g-CHILI-TRADE.html" title="Kalocsai Paprikacreme mild 160g | von CHILI-TRADE">Kalocsai Paprikacreme mild 160g | von...</a></p>
					<div class="article-list-item-price">
						<div class="article-list-item-price-inline">

							<span class="price"><a href="https://www.feinkost-aus-ungarn.de/de/Chili-Trade/Kalocsai-Paprikacreme-mild-160g-CHILI-TRADE.html"> 2,39 EUR</a></span>
															<br>
								
																						<span class="small"> 14,94 EUR pro Kg<br></span>
													</div>
					</div>
				</div>
			</div>
		</div>

		
	
		<div class="article-list-item">
			<div class="article-list-item-inside">
				<div class="article-list-item-image">
									<span id="new_products_38" class="flyover_item"><a href="https://www.feinkost-aus-ungarn.de/de/Chili-Trade/Kalocsai-Paprikacreme-scharf-160g-CHILI-TRADE.html"><img src="images/product_images/thumbnail_images/paprikakrem-160g-eroes_fau.jpg" alt="Kalocsai Paprikacreme scharf 160g | von CHILI-TRADE" title="Kalocsai Paprikacreme scharf 160g | von CHILI-TRADE"></a></span>
								</div>
				<div class="article-list-item-text">
					<p class="title"><a href="https://www.feinkost-aus-ungarn.de/de/Chili-Trade/Kalocsai-Paprikacreme-scharf-160g-CHILI-TRADE.html" title="Kalocsai Paprikacreme scharf 160g | von CHILI-TRADE">Kalocsai Paprikacreme scharf 160g |...</a></p>
					<div class="article-list-item-price">
						<div class="article-list-item-price-inline">

							<span class="price"><a href="https://www.feinkost-aus-ungarn.de/de/Chili-Trade/Kalocsai-Paprikacreme-scharf-160g-CHILI-TRADE.html"> 2,24 EUR</a></span>
															<br>
								
																						<span class="small"> 14,00 EUR pro Kg<br></span>
													</div>
					</div>
				</div>
			</div>
		</div>

		
	
		<div class="article-list-item">
			<div class="article-list-item-inside">
				<div class="article-list-item-image">
									<span id="new_products_37" class="flyover_item"><a href="https://www.feinkost-aus-ungarn.de/de/Chili-Trade/Paprika-Oel-1x-100ml-SCHARF-1-x-Keramikgefaess-Chili-Trade.html"><img src="images/product_images/thumbnail_images/paprikaoel_scharf_2x_100ml_geschenkbox_feinkost_aus_ungarn.jpg" alt="Paprika-Öl 1x 100ml SCHARF + 1 x Keramikgefäss | Chili-Trade | Original aus Ungarn" title="Paprika-Öl 1x 100ml SCHARF + 1 x Keramikgefäss | Chili-Trade | Original aus Ungarn"></a></span>
								</div>
				<div class="article-list-item-text">
					<p class="title"><a href="https://www.feinkost-aus-ungarn.de/de/Chili-Trade/Paprika-Oel-1x-100ml-SCHARF-1-x-Keramikgefaess-Chili-Trade.html" title="Paprika-Öl 1x 100ml SCHARF + 1 x Keramikgefäss | Chili-Trade | Original aus...">Paprika-Öl 1x 100ml SCHARF + 1 x...</a></p>
					<div class="article-list-item-price">
						<div class="article-list-item-price-inline">

							<span class="price"><a href="https://www.feinkost-aus-ungarn.de/de/Chili-Trade/Paprika-Oel-1x-100ml-SCHARF-1-x-Keramikgefaess-Chili-Trade.html"> 12,99 EUR</a></span>
															<br>
								
																						<span class="small"> 12,99 EUR pro stück<br></span>
													</div>
					</div>
				</div>
			</div>
		</div>

		
	
		<div class="article-list-item">
			<div class="article-list-item-inside">
				<div class="article-list-item-image">
									<span id="new_products_36" class="flyover_item"><a href="https://www.feinkost-aus-ungarn.de/de/Chili-Trade/Paprika-Oel-1x-100ml-MILD-1-x-Keramikgefaess-Chili-Trade.html"><img src="images/product_images/thumbnail_images/paprikaoel_mild_2x_100ml_geschenkbox_feinkost_aus_ungarn.jpg" alt="Paprika-Öl 1x 100ml MILD + 1 x Keramikgefäss | Chili-Trade | Original aus Ungarn" title="Paprika-Öl 1x 100ml MILD + 1 x Keramikgefäss | Chili-Trade | Original aus Ungarn"></a></span>
								</div>
				<div class="article-list-item-text">
					<p class="title"><a href="https://www.feinkost-aus-ungarn.de/de/Chili-Trade/Paprika-Oel-1x-100ml-MILD-1-x-Keramikgefaess-Chili-Trade.html" title="Paprika-Öl 1x 100ml MILD + 1 x Keramikgefäss | Chili-Trade | Original aus...">Paprika-Öl 1x 100ml MILD + 1 x...</a></p>
					<div class="article-list-item-price">
						<div class="article-list-item-price-inline">

							<span class="price"><a href="https://www.feinkost-aus-ungarn.de/de/Chili-Trade/Paprika-Oel-1x-100ml-MILD-1-x-Keramikgefaess-Chili-Trade.html"> 12,99 EUR</a></span>
															<br>
								
																						<span class="small"> 12,99 EUR pro stück<br></span>
													</div>
					</div>
				</div>
			</div>
		</div>

		
	
		<div class="article-list-item">
			<div class="article-list-item-inside">
				<div class="article-list-item-image">
									<span id="new_products_35" class="flyover_item"><a href="https://www.feinkost-aus-ungarn.de/de/Chili-Trade/Gemahlener-Gewuerzpaprika-aus-Kalocsa-im-Papierbeutel-Scharf-100g.html"><img src="images/product_images/thumbnail_images/paprikapulver_original_ungarisch-feinkost_aus_ungarn_scharf.jpg" alt="Gemahlener Gewürzpaprika aus Kalocsa im Papierbeutel Scharf 100g" title="Gemahlener Gewürzpaprika aus Kalocsa im Papierbeutel Scharf 100g"></a></span>
								</div>
				<div class="article-list-item-text">
					<p class="title"><a href="https://www.feinkost-aus-ungarn.de/de/Chili-Trade/Gemahlener-Gewuerzpaprika-aus-Kalocsa-im-Papierbeutel-Scharf-100g.html" title="Gemahlener Gewürzpaprika aus Kalocsa scharf 100g | Ungarisches Paprikapulver...">Gemahlener Gewürzpaprika aus Kalocsa...</a></p>
					<div class="article-list-item-price">
						<div class="article-list-item-price-inline">

							<span class="price"><a href="https://www.feinkost-aus-ungarn.de/de/Chili-Trade/Gemahlener-Gewuerzpaprika-aus-Kalocsa-im-Papierbeutel-Scharf-100g.html"> 3,49 EUR</a></span>
															<br>
								
																						<span class="small"> 34,90 EUR pro Kg<br></span>
													</div>
					</div>
				</div>
			</div>
		</div>

		
	
		<div class="article-list-item">
			<div class="article-list-item-inside">
				<div class="article-list-item-image">
									<span id="new_products_34" class="flyover_item"><a href="https://www.feinkost-aus-ungarn.de/de/Chili-Trade/Gemahlener-Gewuerzpaprika-aus-Kalocsa-im-Papierbeutel-mild-100g.html"><img src="images/product_images/thumbnail_images/paprikapulver_original_ungarisch-feinkost_aus_ungarn_mild.jpg" alt="Gemahlener Gewürzpaprika aus Kalocsa im Papierbeutel mild 100g" title="Gemahlener Gewürzpaprika aus Kalocsa im Papierbeutel mild 100g"></a></span>
								</div>
				<div class="article-list-item-text">
					<p class="title"><a href="https://www.feinkost-aus-ungarn.de/de/Chili-Trade/Gemahlener-Gewuerzpaprika-aus-Kalocsa-im-Papierbeutel-mild-100g.html" title="Gemahlener Gewürzpaprika aus Kalocsa süß/mild 100g | Fűszerpaprika őrlemény...">Gemahlener Gewürzpaprika aus Kalocsa...</a></p>
					<div class="article-list-item-price">
						<div class="article-list-item-price-inline">

							<span class="price"><a href="https://www.feinkost-aus-ungarn.de/de/Chili-Trade/Gemahlener-Gewuerzpaprika-aus-Kalocsa-im-Papierbeutel-mild-100g.html"> 3,49 EUR</a></span>
															<br>
								
																						<span class="small"> 34,90 EUR pro Kg<br></span>
													</div>
					</div>
				</div>
			</div>
		</div>

		
	
		<div class="article-list-item">
			<div class="article-list-item-inside">
				<div class="article-list-item-image">
									<span id="new_products_33" class="flyover_item"><a href="https://www.feinkost-aus-ungarn.de/de/REX-Ciborum/REX-CIBORUM-Ungarische-Gaenseleber-mit-Tokajer-Asz-100g.html"><img src="images/product_images/thumbnail_images/goose-liver-with-tokay-wine_2.jpg" alt="REX CIBORUM | Ungarische Gänseleber mit Tokajer Aszú 100g" title="REX CIBORUM | Ungarische Gänseleber mit Tokajer Aszú 100g"></a></span>
								</div>
				<div class="article-list-item-text">
					<p class="title"><a href="https://www.feinkost-aus-ungarn.de/de/REX-Ciborum/REX-CIBORUM-Ungarische-Gaenseleber-mit-Tokajer-Asz-100g.html" title="REX CIBORUM GÄNSELEBER MIT TOKAJER ASZÚ 100g | LIBAMÁJ TOKAJI ASZÚVAL">REX CIBORUM | Ungarische Gänseleber...</a></p>
					<div class="article-list-item-price">
						<div class="article-list-item-price-inline">

							<span class="price"><a href="https://www.feinkost-aus-ungarn.de/de/REX-Ciborum/REX-CIBORUM-Ungarische-Gaenseleber-mit-Tokajer-Asz-100g.html"> 19,99 EUR</a></span>
															<br>
								
																						<span class="small"> 199,90 EUR pro <br></span>
													</div>
					</div>
				</div>
			</div>
		</div>

		
	
		<div class="article-list-item">
			<div class="article-list-item-inside">
				<div class="article-list-item-image">
									<span id="new_products_29" class="flyover_item"><a href="https://www.feinkost-aus-ungarn.de/de/Univer-Zrt/Eroes-Pista-9er-SPAR-PACK-Starker-Stephan-Paprikapaste-scharf.html"><img src="images/product_images/thumbnail_images/eroes_pista_9er.jpg" alt="Erös Pista | 9er-SPAR PACK | Starker Stephan-Paprikapaste &quot;scharf&quot;" title="Erös Pista | 9er-SPAR PACK | Starker Stephan-Paprikapaste &quot;scharf&quot;"></a></span>
								</div>
				<div class="article-list-item-text">
					<p class="title"><a href="https://www.feinkost-aus-ungarn.de/de/Univer-Zrt/Eroes-Pista-9er-SPAR-PACK-Starker-Stephan-Paprikapaste-scharf.html" title="Erös Pista | 9er-SPAR PACK | Starker Stephan-Paprikapaste &quot;scharf&quot; | Erős...">Erös Pista | 9er-SPAR PACK | Starker...</a></p>
					<div class="article-list-item-price">
						<div class="article-list-item-price-inline">

							<span class="price"><a href="https://www.feinkost-aus-ungarn.de/de/Univer-Zrt/Eroes-Pista-9er-SPAR-PACK-Starker-Stephan-Paprikapaste-scharf.html"> 22,49 EUR</a></span>
															<br>
								
																						<span class="small"> 12,49 EUR pro Kg<br></span>
													</div>
					</div>
				</div>
			</div>
		</div>

		
	
		<div class="article-list-item">
			<div class="article-list-item-inside">
				<div class="article-list-item-image">
									<span id="new_products_28" class="flyover_item"><a href="https://www.feinkost-aus-ungarn.de/de/Chili-Trade/CHILI-TRADE-Paprikakranz-getrocknete-Peperoni-Paprikakette-gross.html"><img src="images/product_images/thumbnail_images/chili_paprikakranz_gross_fau.jpg" alt="CHILI-TRADE | Paprikakranz (getrocknete Peperoni-Paprikakette) groß" title="CHILI-TRADE | Paprikakranz (getrocknete Peperoni-Paprikakette) groß"></a></span>
								</div>
				<div class="article-list-item-text">
					<p class="title"><a href="https://www.feinkost-aus-ungarn.de/de/Chili-Trade/CHILI-TRADE-Paprikakranz-getrocknete-Peperoni-Paprikakette-gross.html" title="CHILI-TRADE | Paprikakranz (getrocknete Peperoni-Paprikakette) groß| Zum...">CHILI-TRADE | Paprikakranz...</a></p>
					<div class="article-list-item-price">
						<div class="article-list-item-price-inline">

							<span class="price"><a href="https://www.feinkost-aus-ungarn.de/de/Chili-Trade/CHILI-TRADE-Paprikakranz-getrocknete-Peperoni-Paprikakette-gross.html"> 8,99 EUR</a></span>
															<br>
								
																						<span class="small"> 56,19 EUR pro Kg<br></span>
													</div>
					</div>
				</div>
			</div>
		</div>

		
	
		<div class="article-list-item">
			<div class="article-list-item-inside">
				<div class="article-list-item-image">
									<span id="new_products_27" class="flyover_item"><a href="https://www.feinkost-aus-ungarn.de/de/Univer-Zrt/Eroes-Pista-6er-SPAR-PACK-Starker-Stephan-Paprikapaste-scharf.html"><img src="images/product_images/thumbnail_images/eras_pista_6er.jpg" alt="Erös Pista | 6er-SPAR PACK | Starker Stephan-Paprikapaste &quot;scharf&quot;" title="Erös Pista | 6er-SPAR PACK | Starker Stephan-Paprikapaste &quot;scharf&quot;"></a></span>
								</div>
				<div class="article-list-item-text">
					<p class="title"><a href="https://www.feinkost-aus-ungarn.de/de/Univer-Zrt/Eroes-Pista-6er-SPAR-PACK-Starker-Stephan-Paprikapaste-scharf.html" title="Erös Pista | 6er-SPAR PACK | Starker Stephan-Paprikapaste &quot;scharf&quot; | Erős...">Erös Pista | 6er-SPAR PACK | Starker...</a></p>
					<div class="article-list-item-price">
						<div class="article-list-item-price-inline">

							<span class="price"><a href="https://www.feinkost-aus-ungarn.de/de/Univer-Zrt/Eroes-Pista-6er-SPAR-PACK-Starker-Stephan-Paprikapaste-scharf.html"> 14,69 EUR</a></span>
															<br>
								
																						<span class="small"> 12,24 EUR pro Kg<br></span>
													</div>
					</div>
				</div>
			</div>
		</div>

		
	
		<div class="article-list-item">
			<div class="article-list-item-inside">
				<div class="article-list-item-image">
									<span id="new_products_24" class="flyover_item"><a href="https://www.feinkost-aus-ungarn.de/de/ZWACK-Unicum/ZWACK-Unicum-Kraeuter-Likoer-aus-Ungarn-0-7-l.html"><img src="images/product_images/thumbnail_images/unicum_07l_zwack_fau.jpg" alt="ZWACK Unicum Kräuter-Likör aus Ungarn 0,7 l" title="ZWACK Unicum Kräuter-Likör aus Ungarn 0,7 l"></a></span>
								</div>
				<div class="article-list-item-text">
					<p class="title"><a href="https://www.feinkost-aus-ungarn.de/de/ZWACK-Unicum/ZWACK-Unicum-Kraeuter-Likoer-aus-Ungarn-0-7-l.html" title="ZWACK UNICUM ein Unikat | Unicum-Kräuterlikör 0,7l ein Unikat seit 1790">ZWACK Unicum Kräuter-Likör aus Ungarn...</a></p>
					<div class="article-list-item-price">
						<div class="article-list-item-price-inline">

							<span class="price"><a href="https://www.feinkost-aus-ungarn.de/de/ZWACK-Unicum/ZWACK-Unicum-Kraeuter-Likoer-aus-Ungarn-0-7-l.html"> 17,39 EUR</a></span>
															<br>
								
																						<span class="small"> 24,84 EUR pro liter<br></span>
													</div>
					</div>
				</div>
			</div>
		</div>

		
	
		<div class="article-list-item">
			<div class="article-list-item-inside">
				<div class="article-list-item-image">
									<span id="new_products_23" class="flyover_item"><a href="https://www.feinkost-aus-ungarn.de/de/Univer-Zrt/Ungarische-Knoblauchcreme-160g-UNIVER.html"><img src="images/product_images/thumbnail_images/fokhagymakrem-160g-tube.jpg" alt="Ungarische Knoblauchcreme 160g | UNIVER" title="Ungarische Knoblauchcreme 160g | UNIVER"></a></span>
								</div>
				<div class="article-list-item-text">
					<p class="title"><a href="https://www.feinkost-aus-ungarn.de/de/Univer-Zrt/Ungarische-Knoblauchcreme-160g-UNIVER.html" title="Ungarische Knoblauchcreme,Fokhagymakrém 160g | UNIVER">Ungarische Knoblauchcreme 160g | UNIVER</a></p>
					<div class="article-list-item-price">
						<div class="article-list-item-price-inline">

							<span class="price"><a href="https://www.feinkost-aus-ungarn.de/de/Univer-Zrt/Ungarische-Knoblauchcreme-160g-UNIVER.html"> 3,09 EUR</a></span>
															<br>
								
																						<span class="small"> 19,31 EUR pro Kg<br></span>
													</div>
					</div>
				</div>
			</div>
		</div>

		
	
		<div class="article-list-item">
			<div class="article-list-item-inside">
				<div class="article-list-item-image">
									<span id="new_products_2" class="flyover_item"><a href="https://www.feinkost-aus-ungarn.de/de/Gyulahus/Gyulai-Paroskolbasz-1000g-GYULAER-Raeucherwurst-Paare.html"><img src="images/product_images/thumbnail_images/gyulai_kolbasz_1kg_fau.jpg" alt="Gyulai Pároskolbász 1000g | GYULAER Räucherwurst-Paare" title="Gyulai Pároskolbász 1000g | GYULAER Räucherwurst-Paare"></a></span>
								</div>
				<div class="article-list-item-text">
					<p class="title"><a href="https://www.feinkost-aus-ungarn.de/de/Gyulahus/Gyulai-Paroskolbasz-1000g-GYULAER-Raeucherwurst-Paare.html" title="Gyulai Pároskolbász | GYULAER Räucherwurst-Paare bei FEINKOST-AUS-UNGARN.de ®...">Gyulai Pároskolbász 1000g | GYULAER...</a></p>
					<div class="article-list-item-price">
						<div class="article-list-item-price-inline">

							<span class="price"><a href="https://www.feinkost-aus-ungarn.de/de/Gyulahus/Gyulai-Paroskolbasz-1000g-GYULAER-Raeucherwurst-Paare.html"> 19,99 EUR</a></span>
															<br>
								
																						<span class="small"> 19,99 EUR pro Kg<br></span>
													</div>
					</div>
				</div>
			</div>
		</div>

		
	
		<div class="article-list-item">
			<div class="article-list-item-inside">
				<div class="article-list-item-image">
									<span id="new_products_80" class="flyover_item"><a href="https://www.feinkost-aus-ungarn.de/de/Teigwaren/Maerchennudeln-aus-Hartweizen-250-g-Meseteszta-Gyermelyi.html"><img src="images/product_images/thumbnail_images/gyermelyi_mesetaszta_kinder_maerchennudeln_1.jpg" alt="Märchennudeln aus Hartweizen 250 g Mesetészta | Gyermelyi" title="Märchennudeln aus Hartweizen 250 g Mesetészta | Gyermelyi"></a></span>
								</div>
				<div class="article-list-item-text">
					<p class="title"><a href="https://www.feinkost-aus-ungarn.de/de/Teigwaren/Maerchennudeln-aus-Hartweizen-250-g-Meseteszta-Gyermelyi.html" title="Die Perfekten Nudeln für Kinder nicht nur Lecker und Gesund auch fürs Auge...">Märchennudeln aus Hartweizen 250 g...</a></p>
					<div class="article-list-item-price">
						<div class="article-list-item-price-inline">

							<span class="price"><a href="https://www.feinkost-aus-ungarn.de/de/Teigwaren/Maerchennudeln-aus-Hartweizen-250-g-Meseteszta-Gyermelyi.html"> Nur  1,30 EUR</a></span>
															<br>
								
																						<span class="small"> 5,20 EUR pro Kg<br></span>
													</div>
					</div>
				</div>
			</div>
		</div>

		
	
		<div class="article-list-item">
			<div class="article-list-item-inside">
				<div class="article-list-item-image">
									<span id="new_products_147" class="flyover_item"><a href="https://www.feinkost-aus-ungarn.de/de/Gyulahus/Gyulai-Langolt-kolbasz-1000g-Heissgeraeucherte-Wurst.html"><img src="images/product_images/thumbnail_images/l_angolt-kolb_asz_dekor.png" alt="Gyulai Lángolt Kolbasz 1000g | Heissgeräucherte Wurst" title="Gyulai Lángolt Kolbasz 1000g | Heissgeräucherte Wurst"></a></span>
								</div>
				<div class="article-list-item-text">
					<p class="title"><a href="https://www.feinkost-aus-ungarn.de/de/Gyulahus/Gyulai-Langolt-kolbasz-1000g-Heissgeraeucherte-Wurst.html" title="HEISSGERÄUCHERTE „LANGOLT” WURST 1Kg | Gyulai Lángolt 1000g |...">Gyulai Lángolt Kolbasz 1000g |...</a></p>
					<div class="article-list-item-price">
						<div class="article-list-item-price-inline">

							<span class="price"><a href="https://www.feinkost-aus-ungarn.de/de/Gyulahus/Gyulai-Langolt-kolbasz-1000g-Heissgeraeucherte-Wurst.html"> 18,49 EUR</a></span>
															<br>
								
																						<span class="small"> 18,49 EUR pro Kg<br></span>
													</div>
					</div>
				</div>
			</div>
		</div>

		
	
		<div class="article-list-item">
			<div class="article-list-item-inside">
				<div class="article-list-item-image">
									<span id="new_products_129" class="flyover_item"><a href="https://www.feinkost-aus-ungarn.de/de/BIOMED-Kft-/BIOMED-Echte-Lavendel-Creme-70-g.html"><img src="images/product_images/thumbnail_images/biomed_levendula_krem_2015.jpg" alt="BIOMED | Echte Lavendel Creme 70 g" title="BIOMED | Echte Lavendel Creme 70 g"></a></span>
								</div>
				<div class="article-list-item-text">
					<p class="title"><a href="https://www.feinkost-aus-ungarn.de/de/BIOMED-Kft-/BIOMED-Echte-Lavendel-Creme-70-g.html" title="Francia Levendula krém  | BIOMED | Echte Lavendel Creme 70 g | Zur...">BIOMED | Echte Lavendel Creme 70 g</a></p>
					<div class="article-list-item-price">
						<div class="article-list-item-price-inline">

							<span class="price"><a href="https://www.feinkost-aus-ungarn.de/de/BIOMED-Kft-/BIOMED-Echte-Lavendel-Creme-70-g.html"> Nur  1,60 EUR</a></span>
															<br>
								
																						<span class="small"> 22,86 EUR pro Kg<br></span>
													</div>
					</div>
				</div>
			</div>
		</div>

		
	
		<div class="article-list-item">
			<div class="article-list-item-inside">
				<div class="article-list-item-image">
									<span id="new_products_128" class="flyover_item"><a href="https://www.feinkost-aus-ungarn.de/de/ZWACK-Unicum/Puszta-Barack-Ungarischer-Aprikosenschnaps-0-7l.html"><img src="images/product_images/thumbnail_images/puszta_barack_fau.jpg" alt="Puszta Barack &gt;Ungarischer Aprikosenschnaps 0,7l" title="Puszta Barack &gt;Ungarischer Aprikosenschnaps 0,7l"></a></span>
								</div>
				<div class="article-list-item-text">
					<p class="title"><a href="https://www.feinkost-aus-ungarn.de/de/ZWACK-Unicum/Puszta-Barack-Ungarischer-Aprikosenschnaps-0-7l.html" title="Ungarischer Aprikosenschnaps 0,7l | Puszta Barack aus dem Hause Zwack bei...">Puszta Barack &gt;Ungarischer...</a></p>
					<div class="article-list-item-price">
						<div class="article-list-item-price-inline">

							<span class="price"><a href="https://www.feinkost-aus-ungarn.de/de/ZWACK-Unicum/Puszta-Barack-Ungarischer-Aprikosenschnaps-0-7l.html"> 16,99 EUR</a></span>
															<br>
								
																						<span class="small"> 24,27 EUR pro liter<br></span>
													</div>
					</div>
				</div>
			</div>
		</div>

		
	
		<div class="article-list-item">
			<div class="article-list-item-inside">
				<div class="article-list-item-image">
									<span id="new_products_127" class="flyover_item"><a href="https://www.feinkost-aus-ungarn.de/de/Univer-Zrt/Univer-Haragos-PISTA-4x-staerker-als-Eroes-Pista-150g.html"><img src="images/product_images/thumbnail_images/univer-haragos-pista-150g.jpg" alt="Univer Haragos PISTA - 4x stärker als Erös Pista 150g" title="Univer Haragos PISTA - 4x stärker als Erös Pista 150g"></a></span>
								</div>
				<div class="article-list-item-text">
					<p class="title"><a href="https://www.feinkost-aus-ungarn.de/de/Univer-Zrt/Univer-Haragos-PISTA-4x-staerker-als-Eroes-Pista-150g.html" title="Univer Haragos PISTA | EXTRA Erös Paprikából 4x stärker als Erös Pista 150g">Univer Haragos PISTA - 4x stärker als...</a></p>
					<div class="article-list-item-price">
						<div class="article-list-item-price-inline">

							<span class="price"><a href="https://www.feinkost-aus-ungarn.de/de/Univer-Zrt/Univer-Haragos-PISTA-4x-staerker-als-Eroes-Pista-150g.html"> 5,29 EUR</a></span>
															<br>
								
																						<span class="small"> 35,27 EUR pro Kg<br></span>
													</div>
					</div>
				</div>
			</div>
		</div>

		
	
		<div class="article-list-item">
			<div class="article-list-item-inside">
				<div class="article-list-item-image">
									<span id="new_products_126" class="flyover_item"><a href="https://www.feinkost-aus-ungarn.de/de/Teigwaren/Nagykocka-Grosser-Wuerfel-mit-4-Eiern-500g-Gyermelyi.html"><img src="images/product_images/thumbnail_images/4-t-nagykocka.jpg" alt="Nagykocka - Grosser Würfel mit 4 Eiern 500g | Gyermelyi" title="Nagykocka - Grosser Würfel mit 4 Eiern 500g | Gyermelyi"></a></span>
								</div>
				<div class="article-list-item-text">
					<p class="title"><a href="https://www.feinkost-aus-ungarn.de/de/Teigwaren/Nagykocka-Grosser-Wuerfel-mit-4-Eiern-500g-Gyermelyi.html" title="Nagykocka - Grosser Würfel mit 4 Eiern 500g | Gyermelyi">Nagykocka - Grosser Würfel mit 4...</a></p>
					<div class="article-list-item-price">
						<div class="article-list-item-price-inline">

							<span class="price"><a href="https://www.feinkost-aus-ungarn.de/de/Teigwaren/Nagykocka-Grosser-Wuerfel-mit-4-Eiern-500g-Gyermelyi.html"> 2,99 EUR</a></span>
															<br>
								
																						<span class="small"> 5,98 EUR pro Kg<br></span>
													</div>
					</div>
				</div>
			</div>
		</div>

		
	
		<div class="article-list-item">
			<div class="article-list-item-inside">
				<div class="article-list-item-image">
									<span id="new_products_125" class="flyover_item"><a href="https://www.feinkost-aus-ungarn.de/de/Teigwaren/VITA-PASTA-Fodros-kocka-Fleckerl-500g-Gyermelyi.html"><img src="images/product_images/thumbnail_images/vp-fodros-kocka.jpg" alt="VITA PASTA - Fodros kocka - Fleckerl 500g | Gyermelyi" title="VITA PASTA - Fodros kocka - Fleckerl 500g | Gyermelyi"></a></span>
								</div>
				<div class="article-list-item-text">
					<p class="title"><a href="https://www.feinkost-aus-ungarn.de/de/Teigwaren/VITA-PASTA-Fodros-kocka-Fleckerl-500g-Gyermelyi.html" title="VITA PASTA - Fodros kocka - Fleckerl 500g | Gyermelyi">VITA PASTA - Fodros kocka - Fleckerl...</a></p>
					<div class="article-list-item-price">
						<div class="article-list-item-price-inline">

							<span class="price"><a href="https://www.feinkost-aus-ungarn.de/de/Teigwaren/VITA-PASTA-Fodros-kocka-Fleckerl-500g-Gyermelyi.html"> 3,19 EUR</a></span>
															<br>
								
																						<span class="small"> 6,38 EUR pro Kg<br></span>
													</div>
					</div>
				</div>
			</div>
		</div>

		
	
		<div class="article-list-item">
			<div class="article-list-item-inside">
				<div class="article-list-item-image">
									<span id="new_products_124" class="flyover_item"><a href="https://www.feinkost-aus-ungarn.de/de/Univer-Zrt/Univer-Grillcreme-160g-Geniesser-TEST-SET-4-Tuben-zum-Marinieren.html"><img src="images/product_images/thumbnail_images/univer_set_gew_rzmischung_tuben_fau.jpg" alt="Univer Grillcreme 160g | Genießer TEST-SET  4 Tuben zum Marinieren" title="Univer Grillcreme 160g | Genießer TEST-SET  4 Tuben zum Marinieren"></a></span>
								</div>
				<div class="article-list-item-text">
					<p class="title"><a href="https://www.feinkost-aus-ungarn.de/de/Univer-Zrt/Univer-Grillcreme-160g-Geniesser-TEST-SET-4-Tuben-zum-Marinieren.html" title="NEUHEITEN aus dem Hause Univer Product Zrt.  Grillcreme in den Sorten extra...">Univer Grillcreme 160g | Genießer...</a></p>
					<div class="article-list-item-price">
						<div class="article-list-item-price-inline">

							<span class="price"><a href="https://www.feinkost-aus-ungarn.de/de/Univer-Zrt/Univer-Grillcreme-160g-Geniesser-TEST-SET-4-Tuben-zum-Marinieren.html"> 7,59 EUR</a></span>
															<br>
								
																						<span class="small"> 11,86 EUR pro Kg<br></span>
													</div>
					</div>
				</div>
			</div>
		</div>

		
	
		<div class="article-list-item">
			<div class="article-list-item-inside">
				<div class="article-list-item-image">
									<span id="new_products_123" class="flyover_item"><a href="https://www.feinkost-aus-ungarn.de/de/Univer-Zrt/Univer-Grillcreme-Grillmarinade-Gewuerzpaste-Zoldfuszeres-Kraeuter-160g.html"><img src="images/product_images/thumbnail_images/zoldfuszeres-grillkrem-160g_fau.jpg" alt="Univer Grillcreme Grillmarinade,Gewürzpaste | Zoldfuszeres -Kräuter 160g" title="Univer Grillcreme Grillmarinade,Gewürzpaste | Zoldfuszeres -Kräuter 160g"></a></span>
								</div>
				<div class="article-list-item-text">
					<p class="title"><a href="https://www.feinkost-aus-ungarn.de/de/Univer-Zrt/Univer-Grillcreme-Grillmarinade-Gewuerzpaste-Zoldfuszeres-Kraeuter-160g.html" title="Univer Grillcreme Grillmarinade,Gewürzpaste | Zoldfuszeres -Kräuter 160g">Univer Grillcreme...</a></p>
					<div class="article-list-item-price">
						<div class="article-list-item-price-inline">

							<span class="price"><a href="https://www.feinkost-aus-ungarn.de/de/Univer-Zrt/Univer-Grillcreme-Grillmarinade-Gewuerzpaste-Zoldfuszeres-Kraeuter-160g.html"> 1,99 EUR</a></span>
															<br>
								
																				</div>
					</div>
				</div>
			</div>
		</div>

		
	
		<div class="article-list-item">
			<div class="article-list-item-inside">
				<div class="article-list-item-image">
									<span id="new_products_122" class="flyover_item"><a href="https://www.feinkost-aus-ungarn.de/de/Univer-Zrt/Univer-Grillcreme-Grillmarinade-Gewuerzpaste-Magyaros-Ungarisch-160g.html"><img src="images/product_images/thumbnail_images/magyarosgrillkremhu-ro160g3d.jpg" alt="Univer Grillcreme Grillmarinade,Gewürzpaste | Magyaros-Ungarisch 160g MHD*: 16.04.2017" title="Univer Grillcreme Grillmarinade,Gewürzpaste | Magyaros-Ungarisch 160g MHD*: 16.04.2017"></a></span>
								</div>
				<div class="article-list-item-text">
					<p class="title"><a href="https://www.feinkost-aus-ungarn.de/de/Univer-Zrt/Univer-Grillcreme-Grillmarinade-Gewuerzpaste-Magyaros-Ungarisch-160g.html" title="Univer Grillcreme Grillmarinade,Gewürzpaste | Magyaros-Ungarisch 160g">Univer Grillcreme...</a></p>
					<div class="article-list-item-price">
						<div class="article-list-item-price-inline">

							<span class="price"><a href="https://www.feinkost-aus-ungarn.de/de/Univer-Zrt/Univer-Grillcreme-Grillmarinade-Gewuerzpaste-Magyaros-Ungarisch-160g.html"> 1,99 EUR</a></span>
															<br>
								
																				</div>
					</div>
				</div>
			</div>
		</div>

		
	
		<div class="article-list-item">
			<div class="article-list-item-inside">
				<div class="article-list-item-image">
									<span id="new_products_121" class="flyover_item"><a href="https://www.feinkost-aus-ungarn.de/de/Kotanyi/Kotanyi-Zimt-Zucker-37-g-Gewuerzmuehle.html"><img src="images/product_images/thumbnail_images/zimt_zucker.jpg" alt="Kotányi Zimt Zucker 37 g | Gewürzmühle" title="Kotányi Zimt Zucker 37 g | Gewürzmühle"></a></span>
								</div>
				<div class="article-list-item-text">
					<p class="title"><a href="https://www.feinkost-aus-ungarn.de/de/Kotanyi/Kotanyi-Zimt-Zucker-37-g-Gewuerzmuehle.html" title="Kotanyi Zimt Zucker 37 g | Gewürzmühle">Kotányi Zimt Zucker 37 g | Gewürzmühle</a></p>
					<div class="article-list-item-price">
						<div class="article-list-item-price-inline">

							<span class="price"><a href="https://www.feinkost-aus-ungarn.de/de/Kotanyi/Kotanyi-Zimt-Zucker-37-g-Gewuerzmuehle.html"> 2,89 EUR</a></span>
															<br>
								
																						<span class="small"> 78,11 EUR pro Kg<br></span>
													</div>
					</div>
				</div>
			</div>
		</div>

		
	
		<div class="article-list-item">
			<div class="article-list-item-inside">
				<div class="article-list-item-image">
									<span id="new_products_120" class="flyover_item"><a href="https://www.feinkost-aus-ungarn.de/de/Kotanyi/Kotanyi-Chili-Mix-scharf-mit-Meersalz-34-g-Gewuerzmuehle.html"><img src="images/product_images/thumbnail_images/chili_scharf_mit_meersalz.jpg" alt="Kotányi Chili Mix scharf mit Meersalz 34 g | Gewürzmühle" title="Kotányi Chili Mix scharf mit Meersalz 34 g | Gewürzmühle"></a></span>
								</div>
				<div class="article-list-item-text">
					<p class="title"><a href="https://www.feinkost-aus-ungarn.de/de/Kotanyi/Kotanyi-Chili-Mix-scharf-mit-Meersalz-34-g-Gewuerzmuehle.html" title="Kotányi Chili Mix scharf mit Meersalz 34 g | Gewürzmühle">Kotányi Chili Mix scharf mit Meersalz...</a></p>
					<div class="article-list-item-price">
						<div class="article-list-item-price-inline">

							<span class="price"><a href="https://www.feinkost-aus-ungarn.de/de/Kotanyi/Kotanyi-Chili-Mix-scharf-mit-Meersalz-34-g-Gewuerzmuehle.html"> 3,19 EUR</a></span>
															<br>
								
																						<span class="small"> 93,82 EUR pro Kg<br></span>
													</div>
					</div>
				</div>
			</div>
		</div>

		
	
		<div class="article-list-item">
			<div class="article-list-item-inside">
				<div class="article-list-item-image">
									<span id="new_products_119" class="flyover_item"><a href="https://www.feinkost-aus-ungarn.de/de/Kotanyi/Kotanyi-Meersalz-jodiert-92-g-in-Muehle-grob-fein-Salzmuehle-Gewuerzmuehle.html"><img src="images/product_images/thumbnail_images/meersalz_jodiert.jpg" alt="Kotányi Meersalz jodiert 92 g in Mühle grob + fein | Salzmühle | Gewürzmühle" title="Kotányi Meersalz jodiert 92 g in Mühle grob + fein | Salzmühle | Gewürzmühle"></a></span>
								</div>
				<div class="article-list-item-text">
					<p class="title"><a href="https://www.feinkost-aus-ungarn.de/de/Kotanyi/Kotanyi-Meersalz-jodiert-92-g-in-Muehle-grob-fein-Salzmuehle-Gewuerzmuehle.html" title="Kotányi Meersalz jodiert 92 g in Mühle grob + fein | Salzmühle | Gewürzmühle">Kotányi Meersalz jodiert 92 g in...</a></p>
					<div class="article-list-item-price">
						<div class="article-list-item-price-inline">

							<span class="price"><a href="https://www.feinkost-aus-ungarn.de/de/Kotanyi/Kotanyi-Meersalz-jodiert-92-g-in-Muehle-grob-fein-Salzmuehle-Gewuerzmuehle.html"> 2,89 EUR</a></span>
															<br>
								
																						<span class="small"> 31,41 EUR pro Kg<br></span>
													</div>
					</div>
				</div>
			</div>
		</div>

		
	
		<div class="article-list-item">
			<div class="article-list-item-inside">
				<div class="article-list-item-image">
									<span id="new_products_118" class="flyover_item"><a href="https://www.feinkost-aus-ungarn.de/de/Kotanyi/Kotanyi-Grill-Gefluegel-80-g-Gewuerzstreuer.html"><img src="images/product_images/thumbnail_images/grill_gefl_gel.jpg" alt="Kotányi Grill-Geflügel 80 g | Gewürzstreuer" title="Kotányi Grill-Geflügel 80 g | Gewürzstreuer"></a></span>
								</div>
				<div class="article-list-item-text">
					<p class="title"><a href="https://www.feinkost-aus-ungarn.de/de/Kotanyi/Kotanyi-Grill-Gefluegel-80-g-Gewuerzstreuer.html" title="Kotányi Grill-Geflügel 80 g | Gewürzstreuer">Kotányi Grill-Geflügel 80 g |...</a></p>
					<div class="article-list-item-price">
						<div class="article-list-item-price-inline">

							<span class="price"><a href="https://www.feinkost-aus-ungarn.de/de/Kotanyi/Kotanyi-Grill-Gefluegel-80-g-Gewuerzstreuer.html"> 2,99 EUR</a></span>
															<br>
								
																						<span class="small"> 37,38 EUR pro Kg<br></span>
													</div>
					</div>
				</div>
			</div>
		</div>

		
	
		<div class="article-list-item">
			<div class="article-list-item-inside">
				<div class="article-list-item-image">
									<span id="new_products_130" class="flyover_item"><a href="https://www.feinkost-aus-ungarn.de/de/Univer-Zrt/Univer-Grillcreme-Grillmarinade-Gewuerzpaste-Extra-csipoes-Extra-scharf-160g.html"><img src="images/product_images/thumbnail_images/extracsipos-grillkrem-160g_fau.jpg" alt="Univer Grillcreme Grillmarinade,Gewürzpaste | Extra csipös-Extra scharf 160g | MHD*:  17.04.2017" title="Univer Grillcreme Grillmarinade,Gewürzpaste | Extra csipös-Extra scharf 160g | MHD*:  17.04.2017"></a></span>
								</div>
				<div class="article-list-item-text">
					<p class="title"><a href="https://www.feinkost-aus-ungarn.de/de/Univer-Zrt/Univer-Grillcreme-Grillmarinade-Gewuerzpaste-Extra-csipoes-Extra-scharf-160g.html" title="Univer Grillcreme Grillmarinade,Gewürzpaste | Extra csipös-Extra scharf 160g">Univer Grillcreme...</a></p>
					<div class="article-list-item-price">
						<div class="article-list-item-price-inline">

							<span class="price"><a href="https://www.feinkost-aus-ungarn.de/de/Univer-Zrt/Univer-Grillcreme-Grillmarinade-Gewuerzpaste-Extra-csipoes-Extra-scharf-160g.html"> 1,99 EUR</a></span>
															<br>
								
																						<span class="small"> 12,44 EUR pro Kg<br></span>
													</div>
					</div>
				</div>
			</div>
		</div>

		
	
		<div class="article-list-item">
			<div class="article-list-item-inside">
				<div class="article-list-item-image">
									<span id="new_products_131" class="flyover_item"><a href="https://www.feinkost-aus-ungarn.de/de/Maggi-Poerkoeltszaft-60g.html"><img src="images/product_images/thumbnail_images/p_rk_ltszaft_120g.jpg" alt="Maggi | Pörköltszaft 120g" title="Maggi | Pörköltszaft 120g"></a></span>
								</div>
				<div class="article-list-item-text">
					<p class="title"><a href="https://www.feinkost-aus-ungarn.de/de/Maggi-Poerkoeltszaft-60g.html" title="Pörkölt szaft kocka, 120g Packung - (Gewürzwürfel für Gulaschsoße) | ohne...">Maggi | Pörköltszaft 120g</a></p>
					<div class="article-list-item-price">
						<div class="article-list-item-price-inline">

							<span class="price"><a href="https://www.feinkost-aus-ungarn.de/de/Maggi-Poerkoeltszaft-60g.html"> 6,49 EUR</a></span>
															<br>
								
																						<span class="small"> 54,08 EUR pro Kg<br></span>
													</div>
					</div>
				</div>
			</div>
		</div>

		
	
		<div class="article-list-item">
			<div class="article-list-item-inside">
				<div class="article-list-item-image">
									<span id="new_products_146" class="flyover_item"><a href="https://www.feinkost-aus-ungarn.de/de/Traubisoda/Traubisoda-2-Liler-Flasche-weis-Ungarisch.html"><img src="images/product_images/thumbnail_images/ts2l_k_ldeni.jpg" alt="Traubisoda 2 Liter Flasche weis | Ungarisch" title="Traubisoda 2 Liter Flasche weis | Ungarisch"></a></span>
								</div>
				<div class="article-list-item-text">
					<p class="title"><a href="https://www.feinkost-aus-ungarn.de/de/Traubisoda/Traubisoda-2-Liler-Flasche-weis-Ungarisch.html" title="Traubisoda 2 Liter Flasche weis | Ungarisch">Traubisoda 2 Liter Flasche weis |...</a></p>
					<div class="article-list-item-price">
						<div class="article-list-item-price-inline">

							<span class="price"><a href="https://www.feinkost-aus-ungarn.de/de/Traubisoda/Traubisoda-2-Liler-Flasche-weis-Ungarisch.html"> 2,79 EUR</a></span>
															<br>
								
																						<span class="small"> 1,40 EUR pro liter<br></span>
													</div>
					</div>
				</div>
			</div>
		</div>

		
	
		<div class="article-list-item">
			<div class="article-list-item-inside">
				<div class="article-list-item-image">
									<span id="new_products_145" class="flyover_item"><a href="https://www.feinkost-aus-ungarn.de/de/ZWACK-Unicum/Fuetyueloes-Pflaumenlikoer-mit-Akazienenhonig-alk-30-0-5L.html"><img src="images/product_images/thumbnail_images/futyulos_plumwithhoney_2015_fau.jpg" alt="Fütyülös Pflaumenlikör mit Akazienenhonig alk: 30% 0,5L" title="Fütyülös Pflaumenlikör mit Akazienenhonig alk: 30% 0,5L"></a></span>
								</div>
				<div class="article-list-item-text">
					<p class="title"><a href="https://www.feinkost-aus-ungarn.de/de/ZWACK-Unicum/Fuetyueloes-Pflaumenlikoer-mit-Akazienenhonig-alk-30-0-5L.html" title="Fütyülös Pflaumenlikör mit Akazienenhonig alk: 30% 0,5L | Dieser hochwertige...">Fütyülös Pflaumenlikör mit...</a></p>
					<div class="article-list-item-price">
						<div class="article-list-item-price-inline">

							<span class="price"><a href="https://www.feinkost-aus-ungarn.de/de/ZWACK-Unicum/Fuetyueloes-Pflaumenlikoer-mit-Akazienenhonig-alk-30-0-5L.html"> 16,49 EUR</a></span>
															<br>
								
																						<span class="small"> 32,98 EUR pro liter<br></span>
													</div>
					</div>
				</div>
			</div>
		</div>

		
	
		<div class="article-list-item">
			<div class="article-list-item-inside">
				<div class="article-list-item-image">
									<span id="new_products_144" class="flyover_item"><a href="https://www.feinkost-aus-ungarn.de/de/ZWACK-Unicum/Fuetyueloes-Aprikosen-Palinka-alk-37-5-0-5L.html"><img src="images/product_images/thumbnail_images/futyulos_apricot_2015_fau.jpg" alt="Fütyülös Aprikosen-Palinka alk: 37,5% 0,5L" title="Fütyülös Aprikosen-Palinka alk: 37,5% 0,5L"></a></span>
								</div>
				<div class="article-list-item-text">
					<p class="title"><a href="https://www.feinkost-aus-ungarn.de/de/ZWACK-Unicum/Fuetyueloes-Aprikosen-Palinka-alk-37-5-0-5L.html" title="Fütyülös Aprikosen-Palinka alk: 37,5% 0,5L | Dieser hochwertige...">Fütyülös Aprikosen-Palinka alk: 37,5%...</a></p>
					<div class="article-list-item-price">
						<div class="article-list-item-price-inline">

							<span class="price"><a href="https://www.feinkost-aus-ungarn.de/de/ZWACK-Unicum/Fuetyueloes-Aprikosen-Palinka-alk-37-5-0-5L.html"> 16,49 EUR</a></span>
															<br>
								
																						<span class="small"> 32,98 EUR pro liter<br></span>
													</div>
					</div>
				</div>
			</div>
		</div>

		
	
		<div class="article-list-item">
			<div class="article-list-item-inside">
				<div class="article-list-item-image">
									<span id="new_products_290" class="flyover_item"><a href="https://www.feinkost-aus-ungarn.de/de/Pick-Szeged-Zrt-/pick-2-x-800g-stange-original-ungarische-salami.html"><img src="images/product_images/thumbnail_images/Pick_800g_2er_Pack_fau.jpg" alt="PICK– 2 x 800g Stange Original Ungarische Salami" title="PICK– 2 x 800g Stange Original Ungarische Salami"></a></span>
								</div>
				<div class="article-list-item-text">
					<p class="title"><a href="https://www.feinkost-aus-ungarn.de/de/Pick-Szeged-Zrt-/pick-2-x-800g-stange-original-ungarische-salami.html" title="PICK– 2 x 800g Stange Original Ungarische Salami
Márk Pick – mit diesem...">PICK– 2 x 800g Stange Original...</a></p>
					<div class="article-list-item-price">
						<div class="article-list-item-price-inline">

							<span class="price"><a href="https://www.feinkost-aus-ungarn.de/de/Pick-Szeged-Zrt-/pick-2-x-800g-stange-original-ungarische-salami.html"> 39,99 EUR</a></span>
															<br>
								
																						<span class="small"> 24,99 EUR pro Kg<br></span>
													</div>
					</div>
				</div>
			</div>
		</div>

		
	
		<div class="article-list-item">
			<div class="article-list-item-inside">
				<div class="article-list-item-image">
									<span id="new_products_142" class="flyover_item"><a href="https://www.feinkost-aus-ungarn.de/de/ZWACK-Unicum/Fuetyueloes-Aprikosenlikoer-mit-Akazienenhonig-alk-30-0-5L.html"><img src="images/product_images/thumbnail_images/futyulos_apricotwithhoney_2015_fau.jpg" alt="Fütyülös Aprikosenlikör mit Akazienenhonig alk: 30% 0,5L" title="Fütyülös Aprikosenlikör mit Akazienenhonig alk: 30% 0,5L"></a></span>
								</div>
				<div class="article-list-item-text">
					<p class="title"><a href="https://www.feinkost-aus-ungarn.de/de/ZWACK-Unicum/Fuetyueloes-Aprikosenlikoer-mit-Akazienenhonig-alk-30-0-5L.html" title="Zwack Unicum Rt. | Fütyülös Aprikosenlikör mit Akazienenhonig alk: 30% 0,5L">Fütyülös Aprikosenlikör mit...</a></p>
					<div class="article-list-item-price">
						<div class="article-list-item-price-inline">

							<span class="price"><a href="https://www.feinkost-aus-ungarn.de/de/ZWACK-Unicum/Fuetyueloes-Aprikosenlikoer-mit-Akazienenhonig-alk-30-0-5L.html"> 16,49 EUR</a></span>
															<br>
								
																						<span class="small"> 32,98 EUR pro liter<br></span>
													</div>
					</div>
				</div>
			</div>
		</div>

		
	
		<div class="article-list-item">
			<div class="article-list-item-inside">
				<div class="article-list-item-image">
									<span id="new_products_139" class="flyover_item"><a href="https://www.feinkost-aus-ungarn.de/de/Chili-Trade/gemahlener-gewuerzpaprika-aus-kalocsa-im-papierbeutel-mild-500g.html"><img src="images/product_images/thumbnail_images/chili_trade_paprikapulver_mild_500g1.jpg" alt="Gemahlener Gewürzpaprika aus Kalocsa im Papierbeutel &quot;MILD&quot; 500g" title="Gemahlener Gewürzpaprika aus Kalocsa im Papierbeutel &quot;MILD&quot; 500g"></a></span>
								</div>
				<div class="article-list-item-text">
					<p class="title"><a href="https://www.feinkost-aus-ungarn.de/de/Chili-Trade/gemahlener-gewuerzpaprika-aus-kalocsa-im-papierbeutel-mild-500g.html" title="Ungarischer Paprika &gt; www.Chili-Trade.de | Gemahlener Gewürzpaprika aus...">Gemahlener Gewürzpaprika aus Kalocsa...</a></p>
					<div class="article-list-item-price">
						<div class="article-list-item-price-inline">

							<span class="price"><a href="https://www.feinkost-aus-ungarn.de/de/Chili-Trade/gemahlener-gewuerzpaprika-aus-kalocsa-im-papierbeutel-mild-500g.html"> 13,99 EUR</a></span>
															<br>
								
																						<span class="small"> 55,96 EUR pro Kg<br></span>
													</div>
					</div>
				</div>
			</div>
		</div>

		
	
		<div class="article-list-item">
			<div class="article-list-item-inside">
				<div class="article-list-item-image">
									<span id="new_products_138" class="flyover_item"><a href="https://www.feinkost-aus-ungarn.de/de/TARPA-Bio-Paprikapulver-SCHARF-50g.html"><img src="images/product_images/thumbnail_images/tarpa_bio_paprikapulver_50g_scharf.jpg" alt="TARPA | Bio-Paprikapulver SCHARF 50g" title="TARPA | Bio-Paprikapulver SCHARF 50g"></a></span>
								</div>
				<div class="article-list-item-text">
					<p class="title"><a href="https://www.feinkost-aus-ungarn.de/de/TARPA-Bio-Paprikapulver-SCHARF-50g.html" title="100 % Bio-Paprika (getrocknet und gemahlen scharf), Ursprungsland: Ungarn |...">TARPA | Bio-Paprikapulver SCHARF 50g</a></p>
					<div class="article-list-item-price">
						<div class="article-list-item-price-inline">

							<span class="price"><a href="https://www.feinkost-aus-ungarn.de/de/TARPA-Bio-Paprikapulver-SCHARF-50g.html"> 2,59 EUR</a></span>
															<br>
								
																						<span class="small"> 51,80 EUR pro Kg<br></span>
													</div>
					</div>
				</div>
			</div>
		</div>

		
	
		<div class="article-list-item">
			<div class="article-list-item-inside">
				<div class="article-list-item-image">
									<span id="new_products_137" class="flyover_item"><a href="https://www.feinkost-aus-ungarn.de/de/TARPA-Bio-Paprikapulver-Edelsuess-50g.html"><img src="images/product_images/thumbnail_images/tarpa_paprikapulver_mild_50g.jpg" alt="TARPA | Bio-Paprikapulver EDELSÜSS 50g" title="TARPA | Bio-Paprikapulver EDELSÜSS 50g"></a></span>
								</div>
				<div class="article-list-item-text">
					<p class="title"><a href="https://www.feinkost-aus-ungarn.de/de/TARPA-Bio-Paprikapulver-Edelsuess-50g.html" title="100 % Bio-Paprika (getrocknet und gemahlen), Ursprungsland: Ungarn | TARPA |...">TARPA | Bio-Paprikapulver EDELSÜSS 50g</a></p>
					<div class="article-list-item-price">
						<div class="article-list-item-price-inline">

							<span class="price"><a href="https://www.feinkost-aus-ungarn.de/de/TARPA-Bio-Paprikapulver-Edelsuess-50g.html"> 2,49 EUR</a></span>
															<br>
								
																						<span class="small"> 49,80 EUR pro Kg<br></span>
													</div>
					</div>
				</div>
			</div>
		</div>

		
	
		<div class="article-list-item">
			<div class="article-list-item-inside">
				<div class="article-list-item-image">
									<span id="new_products_135" class="flyover_item"><a href="https://www.feinkost-aus-ungarn.de/de/Chili-Trade/CHILI-TRADE-Geraeucherter-Paprika-in-Metallgeschenkbox-mild-50g.html"><img src="images/product_images/thumbnail_images/paprikapulver_gerauechert_mild_metalldose_fau.png" alt="CHILI TRADE | Geräucherter Paprika in Metallgeschenkbox mild 50g" title="CHILI TRADE | Geräucherter Paprika in Metallgeschenkbox mild 50g"></a></span>
								</div>
				<div class="article-list-item-text">
					<p class="title"><a href="https://www.feinkost-aus-ungarn.de/de/Chili-Trade/CHILI-TRADE-Geraeucherter-Paprika-in-Metallgeschenkbox-mild-50g.html" title="CHILI TRADE | Geräucherter Paprika in Metallgeschenkbox mild 50g">CHILI TRADE | Geräucherter Paprika in...</a></p>
					<div class="article-list-item-price">
						<div class="article-list-item-price-inline">

							<span class="price"><a href="https://www.feinkost-aus-ungarn.de/de/Chili-Trade/CHILI-TRADE-Geraeucherter-Paprika-in-Metallgeschenkbox-mild-50g.html"> 4,99 EUR</a></span>
															<br>
								
																						<span class="small"> 99,80 EUR pro Kg<br></span>
													</div>
					</div>
				</div>
			</div>
		</div>

		
	
		<div class="article-list-item">
			<div class="article-list-item-inside">
				<div class="article-list-item-image">
									<span id="new_products_134" class="flyover_item"><a href="https://www.feinkost-aus-ungarn.de/de/Chili-Trade/CHILI-TRADE-Chili-Oel-extra-Scharf-100ml.html"><img src="images/product_images/thumbnail_images/chili_olaj_chili_trade_fau.png" alt="CHILI TRADE | Chili-Öl extra Scharf 100ml" title="CHILI TRADE | Chili-Öl extra Scharf 100ml"></a></span>
								</div>
				<div class="article-list-item-text">
					<p class="title"><a href="https://www.feinkost-aus-ungarn.de/de/Chili-Trade/CHILI-TRADE-Chili-Oel-extra-Scharf-100ml.html" title="CHILI TRADE | Chili-Öl extra Scharf 100ml">CHILI TRADE | Chili-Öl extra Scharf...</a></p>
					<div class="article-list-item-price">
						<div class="article-list-item-price-inline">

							<span class="price"><a href="https://www.feinkost-aus-ungarn.de/de/Chili-Trade/CHILI-TRADE-Chili-Oel-extra-Scharf-100ml.html"> 9,99 EUR</a></span>
															<br>
								
																						<span class="small"> 99,90 EUR pro liter<br></span>
													</div>
					</div>
				</div>
			</div>
		</div>

		
	
		<div class="article-list-item">
			<div class="article-list-item-inside">
				<div class="article-list-item-image">
									<span id="new_products_133" class="flyover_item"><a href="https://www.feinkost-aus-ungarn.de/de/Chili-Trade/CHILI-TRADE-Rotes-Geschenk-Paket-Paprikapulver-u-Paprikacreme-SCHARF.html"><img src="images/product_images/thumbnail_images/geschenkverpackung_chili_trade_csipoes_piros_paprika_scharf_fau.png" alt="CHILI TRADE | Rotes Geschenk-Paket Paprikapulver u. Paprikacreme SCHARF" title="CHILI TRADE | Rotes Geschenk-Paket Paprikapulver u. Paprikacreme SCHARF"></a></span>
								</div>
				<div class="article-list-item-text">
					<p class="title"><a href="https://www.feinkost-aus-ungarn.de/de/Chili-Trade/CHILI-TRADE-Rotes-Geschenk-Paket-Paprikapulver-u-Paprikacreme-SCHARF.html" title="CHILI TRADE | Rotes Geschenk-Paket Paprikapulver u. Paprikacreme SCHARF">CHILI TRADE | Rotes Geschenk-Paket...</a></p>
					<div class="article-list-item-price">
						<div class="article-list-item-price-inline">

							<span class="price"><a href="https://www.feinkost-aus-ungarn.de/de/Chili-Trade/CHILI-TRADE-Rotes-Geschenk-Paket-Paprikapulver-u-Paprikacreme-SCHARF.html"> 7,99 EUR</a></span>
															<br>
								
																						<span class="small"> 7,99 EUR pro stück<br></span>
													</div>
					</div>
				</div>
			</div>
		</div>

		
	
		<div class="article-list-item">
			<div class="article-list-item-inside">
				<div class="article-list-item-image">
									<span id="new_products_132" class="flyover_item"><a href="https://www.feinkost-aus-ungarn.de/de/Chili-Trade/CHILI-TRADE-Rotes-Geschenk-Paket-Paprikapulver-u-Paprikacreme-MILD.html"><img src="images/product_images/thumbnail_images/geschenkverpackung_chili_trade_edes_piros_paprika_mild_fau.png" alt="CHILI TRADE |  Rotes Geschenk-Paket Paprikapulver u. Paprikacreme MILD" title="CHILI TRADE |  Rotes Geschenk-Paket Paprikapulver u. Paprikacreme MILD"></a></span>
								</div>
				<div class="article-list-item-text">
					<p class="title"><a href="https://www.feinkost-aus-ungarn.de/de/Chili-Trade/CHILI-TRADE-Rotes-Geschenk-Paket-Paprikapulver-u-Paprikacreme-MILD.html" title="CHILI TRADE |  Rotes Geschenk-Paket Paprikapulver u. Paprikacreme MILD">CHILI TRADE |  Rotes Geschenk-Paket...</a></p>
					<div class="article-list-item-price">
						<div class="article-list-item-price-inline">

							<span class="price"><a href="https://www.feinkost-aus-ungarn.de/de/Chili-Trade/CHILI-TRADE-Rotes-Geschenk-Paket-Paprikapulver-u-Paprikacreme-MILD.html"> 7,99 EUR</a></span>
															<br>
								
																						<span class="small"> 7,99 EUR pro stück<br></span>
													</div>
					</div>
				</div>
			</div>
		</div>

		
	
		<div class="article-list-item">
			<div class="article-list-item-inside">
				<div class="article-list-item-image">
									<span id="new_products_116" class="flyover_item"><a href="https://www.feinkost-aus-ungarn.de/de/Kotanyi/Kotanyi-Knoblauchsalz-mit-Kraeutern-50-g-Gewuerzmuehle.html"><img src="images/product_images/thumbnail_images/6779_knoblauchkraeutersalz_muehle.jpg" alt="Kotányi Knoblauchsalz mit Kräutern 50 g | Gewürzmühle" title="Kotányi Knoblauchsalz mit Kräutern 50 g | Gewürzmühle"></a></span>
								</div>
				<div class="article-list-item-text">
					<p class="title"><a href="https://www.feinkost-aus-ungarn.de/de/Kotanyi/Kotanyi-Knoblauchsalz-mit-Kraeutern-50-g-Gewuerzmuehle.html" title="Kotányi Knoblauchsalz mit Kräutern 50 g | Gewürzmühle">Kotányi Knoblauchsalz mit Kräutern 50...</a></p>
					<div class="article-list-item-price">
						<div class="article-list-item-price-inline">

							<span class="price"><a href="https://www.feinkost-aus-ungarn.de/de/Kotanyi/Kotanyi-Knoblauchsalz-mit-Kraeutern-50-g-Gewuerzmuehle.html"> 2,79 EUR</a></span>
															<br>
								
																						<span class="small"> 55,80 EUR pro Kg<br></span>
													</div>
					</div>
				</div>
			</div>
		</div>

		
	
		<div class="article-list-item">
			<div class="article-list-item-inside">
				<div class="article-list-item-image">
									<span id="new_products_115" class="flyover_item"><a href="https://www.feinkost-aus-ungarn.de/de/Kotanyi/Kotanyi-Chili-mit-Meersalz-35-g-Gewuerzmuehle.html"><img src="images/product_images/thumbnail_images/_57.jpg" alt="Kotányi Chili mit Meersalz 35 g | Gewürzmühle" title="Kotányi Chili mit Meersalz 35 g | Gewürzmühle"></a></span>
								</div>
				<div class="article-list-item-text">
					<p class="title"><a href="https://www.feinkost-aus-ungarn.de/de/Kotanyi/Kotanyi-Chili-mit-Meersalz-35-g-Gewuerzmuehle.html" title="Kotanyi Chili mit Meersalz 35 g in Mühle grob + fein / Gewürzmühle">Kotányi Chili mit Meersalz 35 g |...</a></p>
					<div class="article-list-item-price">
						<div class="article-list-item-price-inline">

							<span class="price"><a href="https://www.feinkost-aus-ungarn.de/de/Kotanyi/Kotanyi-Chili-mit-Meersalz-35-g-Gewuerzmuehle.html"> 2,79 EUR</a></span>
															<br>
								
																						<span class="small"> 79,71 EUR pro Kg<br></span>
													</div>
					</div>
				</div>
			</div>
		</div>

		
	
		<div class="article-list-item">
			<div class="article-list-item-inside">
				<div class="article-list-item-image">
									<span id="new_products_98" class="flyover_item"><a href="https://www.feinkost-aus-ungarn.de/de/Delikat-Gewuerzmischung-75g.html"><img src="images/product_images/thumbnail_images/delikat_gew_rzmischung.jpg" alt="Delikat Gewürzmischung 75g" title="Delikat Gewürzmischung 75g"></a></span>
								</div>
				<div class="article-list-item-text">
					<p class="title"><a href="https://www.feinkost-aus-ungarn.de/de/Delikat-Gewuerzmischung-75g.html" title="Delikat Gewürzmischung 75 g, Die Knorr Delikat8 war auch in 2006 die...">Delikat Gewürzmischung 75g</a></p>
					<div class="article-list-item-price">
						<div class="article-list-item-price-inline">

							<span class="price"><a href="https://www.feinkost-aus-ungarn.de/de/Delikat-Gewuerzmischung-75g.html"> 2,09 EUR</a></span>
															<br>
								
																						<span class="small"> 27,87 EUR pro Kg<br></span>
													</div>
					</div>
				</div>
			</div>
		</div>

		
	
		<div class="article-list-item">
			<div class="article-list-item-inside">
				<div class="article-list-item-image">
									<span id="new_products_97" class="flyover_item"><a href="https://www.feinkost-aus-ungarn.de/de/Pick-Szeged-Zrt-/Herz-Classic-Budapest-Paprika-Salami-ca-750g.html"><img src="images/product_images/thumbnail_images/herz_paprika_salami_budapest.jpg" alt="Herz Classic-Budapest &quot;Paprika&quot; Salami ca. 750g" title="Herz Classic-Budapest &quot;Paprika&quot; Salami ca. 750g"></a></span>
								</div>
				<div class="article-list-item-text">
					<p class="title"><a href="https://www.feinkost-aus-ungarn.de/de/Pick-Szeged-Zrt-/Herz-Classic-Budapest-Paprika-Salami-ca-750g.html" title="Herz Classic-Budapest &quot;Paprika&quot; Salami ca. 750g">Herz Classic-Budapest...</a></p>
					<div class="article-list-item-price">
						<div class="article-list-item-price-inline">

							<span class="price"><a href="https://www.feinkost-aus-ungarn.de/de/Pick-Szeged-Zrt-/Herz-Classic-Budapest-Paprika-Salami-ca-750g.html"> 20,99 EUR</a></span>
															<br>
								
																						<span class="small"> 20,99 EUR pro stück<br></span>
													</div>
					</div>
				</div>
			</div>
		</div>

		
	
		<div class="article-list-item">
			<div class="article-list-item-inside">
				<div class="article-list-item-image">
									<span id="new_products_96" class="flyover_item"><a href="https://www.feinkost-aus-ungarn.de/de/Pick-Szeged-Zrt-/Herz-Classic-Budapest-Salami-ca-750g.html"><img src="images/product_images/thumbnail_images/herz_salami_budapest.jpg" alt="Herz Classic-Budapest Salami ca. 750g" title="Herz Classic-Budapest Salami ca. 750g"></a></span>
								</div>
				<div class="article-list-item-text">
					<p class="title"><a href="https://www.feinkost-aus-ungarn.de/de/Pick-Szeged-Zrt-/Herz-Classic-Budapest-Salami-ca-750g.html" title="Herz Classic-Budapest Salami ca. 750g | Original ungarische Wurstspezialität,...">Herz Classic-Budapest Salami ca. 750g</a></p>
					<div class="article-list-item-price">
						<div class="article-list-item-price-inline">

							<span class="price"><a href="https://www.feinkost-aus-ungarn.de/de/Pick-Szeged-Zrt-/Herz-Classic-Budapest-Salami-ca-750g.html"> 20,99 EUR</a></span>
															<br>
								
																						<span class="small"> 20,99 EUR pro stück<br></span>
													</div>
					</div>
				</div>
			</div>
		</div>

		
	
		<div class="article-list-item">
			<div class="article-list-item-inside">
				<div class="article-list-item-image">
									<span id="new_products_203" class="flyover_item"><a href="https://www.feinkost-aus-ungarn.de/de/Kotanyi/KOTANYI-Ungarischer-Premium-Paprika-Delikatess-1kg.html"><img src="images/product_images/thumbnail_images/803901_ungar.paprika_delikatess.jpg" alt="KOTÁNYI Ungarischer Premium Paprika Delikatess  1kg" title="KOTÁNYI Ungarischer Premium Paprika Delikatess  1kg"></a></span>
								</div>
				<div class="article-list-item-text">
					<p class="title"><a href="https://www.feinkost-aus-ungarn.de/de/Kotanyi/KOTANYI-Ungarischer-Premium-Paprika-Delikatess-1kg.html" title="KOTÁNYI Ungarischer Premium Paprika Delikatess 1kg">KOTÁNYI Ungarischer Premium Paprika...</a></p>
					<div class="article-list-item-price">
						<div class="article-list-item-price-inline">

							<span class="price"><a href="https://www.feinkost-aus-ungarn.de/de/Kotanyi/KOTANYI-Ungarischer-Premium-Paprika-Delikatess-1kg.html"> Nur  17,09 EUR</a></span>
															<br>
								
																						<span class="small"> 17,09 EUR pro Kg<br></span>
													</div>
					</div>
				</div>
			</div>
		</div>

		
	
		<div class="article-list-item">
			<div class="article-list-item-inside">
				<div class="article-list-item-image">
									<span id="new_products_95" class="flyover_item"><a href="https://www.feinkost-aus-ungarn.de/de/Pick-Szeged-Zrt-/PICK-Orig-ungarische-Salami-1stk-Tourist-1stk-Paprika-Salami-400g.html"><img src="images/product_images/thumbnail_images/pick_testset_paprika_tourist_400g_fau.jpg" alt="PICK Orig. ungarische Salami - 1stk.Tourist &amp; 1stk.Paprika Salami 400g" title="PICK Orig. ungarische Salami - 1stk.Tourist &amp; 1stk.Paprika Salami 400g"></a></span>
								</div>
				<div class="article-list-item-text">
					<p class="title"><a href="https://www.feinkost-aus-ungarn.de/de/Pick-Szeged-Zrt-/PICK-Orig-ungarische-Salami-1stk-Tourist-1stk-Paprika-Salami-400g.html" title="PICK Orig. ungarische Salami - 1stk.Tourist &amp; 1stk.Paprika Salami 400g">PICK Orig. ungarische Salami -...</a></p>
					<div class="article-list-item-price">
						<div class="article-list-item-price-inline">

							<span class="price"><a href="https://www.feinkost-aus-ungarn.de/de/Pick-Szeged-Zrt-/PICK-Orig-ungarische-Salami-1stk-Tourist-1stk-Paprika-Salami-400g.html"> 16,99 EUR</a></span>
															<br>
								
																						<span class="small"> 21,24 EUR pro Kg<br></span>
													</div>
					</div>
				</div>
			</div>
		</div>

		
	
		<div class="article-list-item">
			<div class="article-list-item-inside">
				<div class="article-list-item-image">
									<span id="new_products_94" class="flyover_item"><a href="https://www.feinkost-aus-ungarn.de/de/Pick-Szeged-Zrt-/PICK-Original-Unarischer-Puszta-Snack-Pikant-100g.html"><img src="images/product_images/thumbnail_images/15754pusztasnackpikant100g.jpg" alt="PICK Original Ungarischer Puszta-Snack Pikant 100g" title="PICK Original Ungarischer Puszta-Snack Pikant 100g"></a></span>
								</div>
				<div class="article-list-item-text">
					<p class="title"><a href="https://www.feinkost-aus-ungarn.de/de/Pick-Szeged-Zrt-/PICK-Original-Unarischer-Puszta-Snack-Pikant-100g.html" title="PICK Original Unarischer Puszta-Snack Pikant 100g">PICK Original Ungarischer...</a></p>
					<div class="article-list-item-price">
						<div class="article-list-item-price-inline">

							<span class="price"><a href="https://www.feinkost-aus-ungarn.de/de/Pick-Szeged-Zrt-/PICK-Original-Unarischer-Puszta-Snack-Pikant-100g.html"> 2,19 EUR</a></span>
															<br>
								
																						<span class="small"> 21,90 EUR pro Kg<br></span>
													</div>
					</div>
				</div>
			</div>
		</div>

		
	
		<div class="article-list-item">
			<div class="article-list-item-inside">
				<div class="article-list-item-image">
									<span id="new_products_93" class="flyover_item"><a href="https://www.feinkost-aus-ungarn.de/de/TARPA-Bio-Aprikosenmus-250g.html"><img src="images/product_images/thumbnail_images/tarpa_bio_aprikosenmus_fau.jpg" alt="TARPA | Bio-Aprikosenmus 250g" title="TARPA | Bio-Aprikosenmus 250g"></a></span>
								</div>
				<div class="article-list-item-text">
					<p class="title"><a href="https://www.feinkost-aus-ungarn.de/de/TARPA-Bio-Aprikosenmus-250g.html" title="TARPA | Bio-Aprikosenmus 250g">TARPA | Bio-Aprikosenmus 250g</a></p>
					<div class="article-list-item-price">
						<div class="article-list-item-price-inline">

							<span class="price"><a href="https://www.feinkost-aus-ungarn.de/de/TARPA-Bio-Aprikosenmus-250g.html"> 4,29 EUR</a></span>
															<br>
								
																						<span class="small"> 17,16 EUR pro Kg<br></span>
													</div>
					</div>
				</div>
			</div>
		</div>

		
	
		<div class="article-list-item">
			<div class="article-list-item-inside">
				<div class="article-list-item-image">
									<span id="new_products_90" class="flyover_item"><a href="https://www.feinkost-aus-ungarn.de/de/Chili-Trade/Gemahlener-Gewuerzpaprika-aus-Kalocsa-im-Papierbeutel-mild-250g.html"><img src="images/product_images/thumbnail_images/paprikapulver_feinkost_aus_ungarn_de_90_0.jpg" alt="Gemahlener Gewürzpaprika aus Kalocsa im Papierbeutel mild 250g" title="Gemahlener Gewürzpaprika aus Kalocsa im Papierbeutel mild 250g"></a></span>
								</div>
				<div class="article-list-item-text">
					<p class="title"><a href="https://www.feinkost-aus-ungarn.de/de/Chili-Trade/Gemahlener-Gewuerzpaprika-aus-Kalocsa-im-Papierbeutel-mild-250g.html" title="Paprikapulver aus Ungarn &gt; www.chili-trade.de | Gemahlener Gewürzpaprika aus...">Gemahlener Gewürzpaprika aus Kalocsa...</a></p>
					<div class="article-list-item-price">
						<div class="article-list-item-price-inline">

							<span class="price"><a href="https://www.feinkost-aus-ungarn.de/de/Chili-Trade/Gemahlener-Gewuerzpaprika-aus-Kalocsa-im-Papierbeutel-mild-250g.html"> 9,99 EUR</a></span>
															<br>
								
																						<span class="small"> 39,96 EUR pro Kg<br></span>
													</div>
					</div>
				</div>
			</div>
		</div>

		
	
		<div class="article-list-item">
			<div class="article-list-item-inside">
				<div class="article-list-item-image">
									<span id="new_products_88" class="flyover_item"><a href="https://www.feinkost-aus-ungarn.de/de/Pick-Szeged-Zrt-/PICK-Traditionelle-ungarische-Paprika-Salami.html"><img src="images/product_images/thumbnail_images/15254_picktrad.ungar.paprikasalamitourist400g.jpg" alt="PICK Traditionelle ungarische Paprika Salami 400g" title="PICK Traditionelle ungarische Paprika Salami 400g"></a></span>
								</div>
				<div class="article-list-item-text">
					<p class="title"><a href="https://www.feinkost-aus-ungarn.de/de/Pick-Szeged-Zrt-/PICK-Traditionelle-ungarische-Paprika-Salami.html" title="Ungarische Paprika-Salami | PICK Traditionelle ungarische Paprika Salami">PICK Traditionelle ungarische Paprika...</a></p>
					<div class="article-list-item-price">
						<div class="article-list-item-price-inline">

							<span class="price"><a href="https://www.feinkost-aus-ungarn.de/de/Pick-Szeged-Zrt-/PICK-Traditionelle-ungarische-Paprika-Salami.html"> 9,79 EUR</a></span>
															<br>
								
																						<span class="small"> 24,48 EUR pro Kg<br></span>
													</div>
					</div>
				</div>
			</div>
		</div>

		
	
		<div class="article-list-item">
			<div class="article-list-item-inside">
				<div class="article-list-item-image">
									<span id="new_products_87" class="flyover_item"><a href="https://www.feinkost-aus-ungarn.de/de/Chili-Trade/Gemahlener-Gewuerzpaprika-aus-Kalocsa-im-Papierbeutel-Scharf-250g.html"><img src="images/product_images/thumbnail_images/paprikapulver_chili_trade_de_scharf_250g.jpg" alt="Gemahlener Gewürzpaprika aus Kalocsa im Papierbeutel Scharf 250g" title="Gemahlener Gewürzpaprika aus Kalocsa im Papierbeutel Scharf 250g"></a></span>
								</div>
				<div class="article-list-item-text">
					<p class="title"><a href="https://www.feinkost-aus-ungarn.de/de/Chili-Trade/Gemahlener-Gewuerzpaprika-aus-Kalocsa-im-Papierbeutel-Scharf-250g.html" title="Ungarischer Paprika &gt; www.Chili-Trade.de | Gemahlener Gewürzpaprika aus...">Gemahlener Gewürzpaprika aus Kalocsa...</a></p>
					<div class="article-list-item-price">
						<div class="article-list-item-price-inline">

							<span class="price"><a href="https://www.feinkost-aus-ungarn.de/de/Chili-Trade/Gemahlener-Gewuerzpaprika-aus-Kalocsa-im-Papierbeutel-Scharf-250g.html"> Nur  8,09 EUR</a></span>
															<br>
								
																						<span class="small"> 32,36 EUR pro Kg<br></span>
													</div>
					</div>
				</div>
			</div>
		</div>

		
	
		<div class="article-list-item">
			<div class="article-list-item-inside">
				<div class="article-list-item-image">
									<span id="new_products_86" class="flyover_item"><a href="https://www.feinkost-aus-ungarn.de/de/Gyulahus/Gyulaer-Delikatsalami-350g.html"><img src="images/product_images/thumbnail_images/gyulaer-delikatsalami_feinkost_aus_ungarn.jpg" alt="Gyulaer Delikatsalami 350 g" title="Gyulaer Delikatsalami 350 g"></a></span>
								</div>
				<div class="article-list-item-text">
					<p class="title"><a href="https://www.feinkost-aus-ungarn.de/de/Gyulahus/Gyulaer-Delikatsalami-350g.html" title="Gyulaer Delikatsalami 350g | Eine Salami mit mildem geschmack hergestellt...">Gyulaer Delikatsalami 350 g</a></p>
					<div class="article-list-item-price">
						<div class="article-list-item-price-inline">

							<span class="price"><a href="https://www.feinkost-aus-ungarn.de/de/Gyulahus/Gyulaer-Delikatsalami-350g.html"> 7,49 EUR</a></span>
															<br>
								
																						<span class="small"> 21,40 EUR pro Kg<br></span>
													</div>
					</div>
				</div>
			</div>
		</div>

		
	
		<div class="article-list-item">
			<div class="article-list-item-inside">
				<div class="article-list-item-image">
									<span id="new_products_83" class="flyover_item"><a href="https://www.feinkost-aus-ungarn.de/de/ZWACK-Unicum/Unicum-Kraeuterlikoer-12-x-0-05-l-Pack.html"><img src="images/product_images/thumbnail_images/unicum_kraeuterlikar_12x005liter.jpg" alt="Unicum Kräuterlikör 12 x 0,05 l Pack" title="Unicum Kräuterlikör 12 x 0,05 l Pack"></a></span>
								</div>
				<div class="article-list-item-text">
					<p class="title"><a href="https://www.feinkost-aus-ungarn.de/de/ZWACK-Unicum/Unicum-Kraeuterlikoer-12-x-0-05-l-Pack.html" title="Spirituosen aus Ungarn | ZWACK Unicum Kräuterlikör  12 x 0,05 l ein Unikat...">Unicum Kräuterlikör 12 x 0,05 l Pack</a></p>
					<div class="article-list-item-price">
						<div class="article-list-item-price-inline">

							<span class="price"><a href="https://www.feinkost-aus-ungarn.de/de/ZWACK-Unicum/Unicum-Kraeuterlikoer-12-x-0-05-l-Pack.html"> 20,99 EUR</a></span>
															<br>
								
																						<span class="small"> 34,98 EUR pro liter<br></span>
													</div>
					</div>
				</div>
			</div>
		</div>

		
	
		<div class="article-list-item">
			<div class="article-list-item-inside">
				<div class="article-list-item-image">
									<span id="new_products_99" class="flyover_item"><a href="https://www.feinkost-aus-ungarn.de/de/Delikat-Gewuerzmischung-250g.html"><img src="images/product_images/thumbnail_images/delikat_gewuerzmischung.jpg" alt="Delikat Gewürzmischung - 250g" title="Delikat Gewürzmischung - 250g"></a></span>
								</div>
				<div class="article-list-item-text">
					<p class="title"><a href="https://www.feinkost-aus-ungarn.de/de/Delikat-Gewuerzmischung-250g.html" title="Delikat Gewürzmischung - 250 g , Die Knorr Delikat8 war auch in 2006 die...">Delikat Gewürzmischung - 250g</a></p>
					<div class="article-list-item-price">
						<div class="article-list-item-price-inline">

							<span class="price"><a href="https://www.feinkost-aus-ungarn.de/de/Delikat-Gewuerzmischung-250g.html"> 3,99 EUR</a></span>
															<br>
								
																						<span class="small"> 15,96 EUR pro Kg<br></span>
													</div>
					</div>
				</div>
			</div>
		</div>

		
	
		<div class="article-list-item">
			<div class="article-list-item-inside">
				<div class="article-list-item-image">
									<span id="new_products_100" class="flyover_item"><a href="https://www.feinkost-aus-ungarn.de/de/ZWACK-Unicum/Zwack-Unicum-Kraeuterlikoer-5-liter-Megaflasche-MIT-Schwenker.html"><img src="images/product_images/thumbnail_images/100_0.jpg" alt="Zwack Unicum Kräuterlikör 5 liter Megaflasche | inkl. Schwenker" title="Zwack Unicum Kräuterlikör 5 liter Megaflasche | inkl. Schwenker"></a></span>
								</div>
				<div class="article-list-item-text">
					<p class="title"><a href="https://www.feinkost-aus-ungarn.de/de/ZWACK-Unicum/Zwack-Unicum-Kraeuterlikoer-5-liter-Megaflasche-MIT-Schwenker.html" title="Zwack Unicum Kräuterlikör 5 liter Megaflasche | mit Schwenker">Zwack Unicum Kräuterlikör 5 liter...</a></p>
					<div class="article-list-item-price">
						<div class="article-list-item-price-inline">

							<span class="price"><a href="https://www.feinkost-aus-ungarn.de/de/ZWACK-Unicum/Zwack-Unicum-Kraeuterlikoer-5-liter-Megaflasche-MIT-Schwenker.html"> 169,99 EUR</a></span>
															<br>
								
																						<span class="small"> 34,00 EUR pro liter<br></span>
													</div>
					</div>
				</div>
			</div>
		</div>

		
	
		<div class="article-list-item">
			<div class="article-list-item-inside">
				<div class="article-list-item-image">
									<span id="new_products_114" class="flyover_item"><a href="https://www.feinkost-aus-ungarn.de/de/Univer-Zrt/Univer-Karikas-Pista-zoeld-215g.html"><img src="images/product_images/thumbnail_images/univer-karikas_pista-zold_fau.jpg" alt="Univer Karikás Pista (zöld) 215g" title="Univer Karikás Pista (zöld) 215g"></a></span>
								</div>
				<div class="article-list-item-text">
					<p class="title"><a href="https://www.feinkost-aus-ungarn.de/de/Univer-Zrt/Univer-Karikas-Pista-zoeld-215g.html" title="Univer Karikás Pista (zöld) 215g | Univer Produkte bei Feinkost-aus-Ungarn.de">Univer Karikás Pista (zöld) 215g</a></p>
					<div class="article-list-item-price">
						<div class="article-list-item-price-inline">

							<span class="price"><a href="https://www.feinkost-aus-ungarn.de/de/Univer-Zrt/Univer-Karikas-Pista-zoeld-215g.html"> 2,99 EUR</a></span>
															<br>
								
																						<span class="small"> 13,91 EUR pro Kg<br></span>
													</div>
					</div>
				</div>
			</div>
		</div>

		
	
		<div class="article-list-item">
			<div class="article-list-item-inside">
				<div class="article-list-item-image">
									<span id="new_products_113" class="flyover_item"><a href="https://www.feinkost-aus-ungarn.de/de/Univer-Zrt/Univer-Karikas-Pista-piros-215g.html"><img src="images/product_images/thumbnail_images/univer-karikas_pista-piros_fau.jpg" alt="Univer Karikás Pista (piros) 215g MHD**29.9.2017" title="Univer Karikás Pista (piros) 215g MHD**29.9.2017"></a></span>
								</div>
				<div class="article-list-item-text">
					<p class="title"><a href="https://www.feinkost-aus-ungarn.de/de/Univer-Zrt/Univer-Karikas-Pista-piros-215g.html" title="Univer Karikás Pista (piros) 215g | Univer Produkte bei Feinkost-aus-Ungarn.de">Univer Karikás Pista (piros) 215g...</a></p>
					<div class="article-list-item-price">
						<div class="article-list-item-price-inline">

							<span class="price"><a href="https://www.feinkost-aus-ungarn.de/de/Univer-Zrt/Univer-Karikas-Pista-piros-215g.html"> 2,99 EUR</a></span>
															<br>
								
																						<span class="small"> 13,91 EUR pro Kg<br></span>
													</div>
					</div>
				</div>
			</div>
		</div>

		
	
		<div class="article-list-item">
			<div class="article-list-item-inside">
				<div class="article-list-item-image">
									<span id="new_products_112" class="flyover_item"><a href="https://www.feinkost-aus-ungarn.de/de/Chili-Trade/Chili-Trade---Gulaschgewuerzpulver-aus-Kalocsa-scharf-100g.html"><img src="images/product_images/thumbnail_images/gulaschgew_rz_chili_trade_100g_scharf_fau.jpg" alt="Chili-Trade | Gulaschgewürzpulver aus Kalocsa scharf 100g" title="Chili-Trade | Gulaschgewürzpulver aus Kalocsa scharf 100g"></a></span>
								</div>
				<div class="article-list-item-text">
					<p class="title"><a href="https://www.feinkost-aus-ungarn.de/de/Chili-Trade/Chili-Trade---Gulaschgewuerzpulver-aus-Kalocsa-scharf-100g.html" title="Chili-Trade | Gulaschgewürzpulver aus Kalocsa scharf 100g">Chili-Trade | Gulaschgewürzpulver aus...</a></p>
					<div class="article-list-item-price">
						<div class="article-list-item-price-inline">

							<span class="price"><a href="https://www.feinkost-aus-ungarn.de/de/Chili-Trade/Chili-Trade---Gulaschgewuerzpulver-aus-Kalocsa-scharf-100g.html"> 3,99 EUR</a></span>
															<br>
								
																						<span class="small"> 39,90 EUR pro Kg<br></span>
													</div>
					</div>
				</div>
			</div>
		</div>

		
	
		<div class="article-list-item">
			<div class="article-list-item-inside">
				<div class="article-list-item-image">
									<span id="new_products_111" class="flyover_item"><a href="https://www.feinkost-aus-ungarn.de/de/Chili-Trade/Chili-Trade-Gulaschgewuerzpulver-aus-Kalocsa-mild-suess-100g.html"><img src="images/product_images/thumbnail_images/gulaschgew_rz_chili_trade_100g_s_ss_fau.jpg" alt="Chili-Trade | Gulaschgewürzpulver aus Kalocsa mild/süss 100g" title="Chili-Trade | Gulaschgewürzpulver aus Kalocsa mild/süss 100g"></a></span>
								</div>
				<div class="article-list-item-text">
					<p class="title"><a href="https://www.feinkost-aus-ungarn.de/de/Chili-Trade/Chili-Trade-Gulaschgewuerzpulver-aus-Kalocsa-mild-suess-100g.html" title="Chili-Trade | Gulaschgewürzpulver aus Kalocsa mild/süss 100g">Chili-Trade | Gulaschgewürzpulver aus...</a></p>
					<div class="article-list-item-price">
						<div class="article-list-item-price-inline">

							<span class="price"><a href="https://www.feinkost-aus-ungarn.de/de/Chili-Trade/Chili-Trade-Gulaschgewuerzpulver-aus-Kalocsa-mild-suess-100g.html"> 3,99 EUR</a></span>
															<br>
								
																						<span class="small"> 39,90 EUR pro Kg<br></span>
													</div>
					</div>
				</div>
			</div>
		</div>

		
	
		<div class="article-list-item">
			<div class="article-list-item-inside">
				<div class="article-list-item-image">
									<span id="new_products_110" class="flyover_item"><a href="https://www.feinkost-aus-ungarn.de/de/Chili-Trade/CHILI-TRADE-Paprikapulver-im-Leinensack-scharf-1kg.html"><img src="images/product_images/thumbnail_images/paprikapulver_scharf_chili_trad_1kg_fau_klein.jpg" alt="CHILI TRADE | Paprikapulver im Leinensack scharf 1kg" title="CHILI TRADE | Paprikapulver im Leinensack scharf 1kg"></a></span>
								</div>
				<div class="article-list-item-text">
					<p class="title"><a href="https://www.feinkost-aus-ungarn.de/de/Chili-Trade/CHILI-TRADE-Paprikapulver-im-Leinensack-scharf-1kg.html" title="Chili-Trade.de | Gemahlener Gewürzpaprika aus Kalocsa im Leinensack 1000g...">CHILI TRADE | Paprikapulver im...</a></p>
					<div class="article-list-item-price">
						<div class="article-list-item-price-inline">

							<span class="price"><a href="https://www.feinkost-aus-ungarn.de/de/Chili-Trade/CHILI-TRADE-Paprikapulver-im-Leinensack-scharf-1kg.html"> 19,99 EUR</a></span>
															<br>
								
																						<span class="small"> 19,99 EUR pro Kg<br></span>
													</div>
					</div>
				</div>
			</div>
		</div>

		
	
		<div class="article-list-item">
			<div class="article-list-item-inside">
				<div class="article-list-item-image">
									<span id="new_products_108" class="flyover_item"><a href="https://www.feinkost-aus-ungarn.de/de/Chili-Trade/CHILI-TRADE-Paprikapulver-im-Leinensack-mit-Holzloeffel-scharf-100g.html"><img src="images/product_images/thumbnail_images/paprikapulver_im_leinensack_scharf_100g_fau.jpg" alt="CHILI TRADE | Paprikapulver im Leinensack mit Holzlöffel scharf 100g" title="CHILI TRADE | Paprikapulver im Leinensack mit Holzlöffel scharf 100g"></a></span>
								</div>
				<div class="article-list-item-text">
					<p class="title"><a href="https://www.feinkost-aus-ungarn.de/de/Chili-Trade/CHILI-TRADE-Paprikapulver-im-Leinensack-mit-Holzloeffel-scharf-100g.html" title="Chili-Trade.de | Gemahlener Gewürzpaprika aus Kalocsa im Leinensack mit...">CHILI TRADE | Paprikapulver im...</a></p>
					<div class="article-list-item-price">
						<div class="article-list-item-price-inline">

							<span class="price"><a href="https://www.feinkost-aus-ungarn.de/de/Chili-Trade/CHILI-TRADE-Paprikapulver-im-Leinensack-mit-Holzloeffel-scharf-100g.html"> 3,99 EUR</a></span>
															<br>
								
																						<span class="small"> 39,90 EUR pro Kg<br></span>
													</div>
					</div>
				</div>
			</div>
		</div>

		
	
		<div class="article-list-item">
			<div class="article-list-item-inside">
				<div class="article-list-item-image">
									<span id="new_products_105" class="flyover_item"><a href="https://www.feinkost-aus-ungarn.de/de/BIOMED-Kft-/BIOMED-Ringelblumen-Creme-60g.html"><img src="images/product_images/thumbnail_images/biomed_koromvirag_krem_2015.jpg" alt="BIOMED Ringelblumen Creme 60g" title="BIOMED Ringelblumen Creme 60g"></a></span>
								</div>
				<div class="article-list-item-text">
					<p class="title"><a href="https://www.feinkost-aus-ungarn.de/de/BIOMED-Kft-/BIOMED-Ringelblumen-Creme-60g.html" title="Deutschland Vertrieb für | BIOMED Ringelblumen Creme 60g,BIO MED Körömvirág...">BIOMED Ringelblumen Creme 60g</a></p>
					<div class="article-list-item-price">
						<div class="article-list-item-price-inline">

							<span class="price"><a href="https://www.feinkost-aus-ungarn.de/de/BIOMED-Kft-/BIOMED-Ringelblumen-Creme-60g.html"> 3,99 EUR</a></span>
															<br>
								
																						<span class="small"> 66,50 EUR pro Kg<br></span>
													</div>
					</div>
				</div>
			</div>
		</div>

		
	
		<div class="article-list-item">
			<div class="article-list-item-inside">
				<div class="article-list-item-image">
									<span id="new_products_232" class="flyover_item"><a href="https://www.feinkost-aus-ungarn.de/de/Univer-Zrt/Edes-Anna-Paprikapulver-100-g-Souvenir-Dose.html"><img src="images/product_images/thumbnail_images/edes-anna_paprika_dose_mild_fau.jpg" alt="Edes Anna  Paprikapulver 100 g | Souvenir-Dose" title="Edes Anna  Paprikapulver 100 g | Souvenir-Dose"></a></span>
								</div>
				<div class="article-list-item-text">
					<p class="title"><a href="https://www.feinkost-aus-ungarn.de/de/Univer-Zrt/Edes-Anna-Paprikapulver-100-g-Souvenir-Dose.html" title="Ungarischer Paprika aus dem Hause Univer mild, Edes Anna  Paprikapulver 100 g...">Edes Anna  Paprikapulver 100 g |...</a></p>
					<div class="article-list-item-price">
						<div class="article-list-item-price-inline">

							<span class="price"><a href="https://www.feinkost-aus-ungarn.de/de/Univer-Zrt/Edes-Anna-Paprikapulver-100-g-Souvenir-Dose.html"> 6,99 EUR</a></span>
															<br>
								
																						<span class="small"> 6,99 EUR pro stück<br></span>
													</div>
					</div>
				</div>
			</div>
		</div>

		
	
		<div class="article-list-item">
			<div class="article-list-item-inside">
				<div class="article-list-item-image">
									<span id="new_products_104" class="flyover_item"><a href="https://www.feinkost-aus-ungarn.de/de/BIOMED-Kft-/BIOMED-Rosmarincreme-70g.html"><img src="images/product_images/thumbnail_images/biomed_rozmaring_krem_2015.jpg" alt="BIOMED | Rosmarincreme 70g" title="BIOMED | Rosmarincreme 70g"></a></span>
								</div>
				<div class="article-list-item-text">
					<p class="title"><a href="https://www.feinkost-aus-ungarn.de/de/BIOMED-Kft-/BIOMED-Rosmarincreme-70g.html" title="Deutschland Vertrieb für | BIOMED | Rosmarincreme 70g">BIOMED | Rosmarincreme 70g</a></p>
					<div class="article-list-item-price">
						<div class="article-list-item-price-inline">

							<span class="price"><a href="https://www.feinkost-aus-ungarn.de/de/BIOMED-Kft-/BIOMED-Rosmarincreme-70g.html"> 4,49 EUR</a></span>
															<br>
								
																						<span class="small"> 64,14 EUR pro Kg<br></span>
													</div>
					</div>
				</div>
			</div>
		</div>

		
	
		<div class="article-list-item">
			<div class="article-list-item-inside">
				<div class="article-list-item-image">
									<span id="new_products_103" class="flyover_item"><a href="https://www.feinkost-aus-ungarn.de/de/BIOMED-Kft-/BIOMED-Rosskastaniencreme-60g.html"><img src="images/product_images/thumbnail_images/biomed_vadgesztenye_krem_60g_fau.jpg" alt="BIOMED | Rosskastaniencreme 60g" title="BIOMED | Rosskastaniencreme 60g"></a></span>
								</div>
				<div class="article-list-item-text">
					<p class="title"><a href="https://www.feinkost-aus-ungarn.de/de/BIOMED-Kft-/BIOMED-Rosskastaniencreme-60g.html" title="Deutschland Vertrieb für | BIOMED | Rosskastaniencreme 60g , BIOMED...">BIOMED | Rosskastaniencreme 60g</a></p>
					<div class="article-list-item-price">
						<div class="article-list-item-price-inline">

							<span class="price"><a href="https://www.feinkost-aus-ungarn.de/de/BIOMED-Kft-/BIOMED-Rosskastaniencreme-60g.html"> 3,99 EUR</a></span>
															<br>
								
																						<span class="small"> 66,50 EUR pro Kg<br></span>
													</div>
					</div>
				</div>
			</div>
		</div>

		
	
		<div class="article-list-item">
			<div class="article-list-item-inside">
				<div class="article-list-item-image">
									<span id="new_products_102" class="flyover_item"><a href="https://www.feinkost-aus-ungarn.de/de/BIOMED-Kft-/BIOMED-Echter-Beinwell-Creme-60g.html"><img src="images/product_images/thumbnail_images/biomed_fekete_nadalyto_krem_2015.jpg" alt="BIOMED | Echter Beinwell-Creme 60g" title="BIOMED | Echter Beinwell-Creme 60g"></a></span>
								</div>
				<div class="article-list-item-text">
					<p class="title"><a href="https://www.feinkost-aus-ungarn.de/de/BIOMED-Kft-/BIOMED-Echter-Beinwell-Creme-60g.html" title="Deutschland Vertrieb | BIOMED Kft. | Echter Beinwell-Creme 60g | BM Fekete...">BIOMED | Echter Beinwell-Creme 60g</a></p>
					<div class="article-list-item-price">
						<div class="article-list-item-price-inline">

							<span class="price"><a href="https://www.feinkost-aus-ungarn.de/de/BIOMED-Kft-/BIOMED-Echter-Beinwell-Creme-60g.html"> Nur  6,29 EUR</a></span>
															<br>
								
																						<span class="small"> 104,83 EUR pro Kg<br></span>
													</div>
					</div>
				</div>
			</div>
		</div>

		
	
		<div class="article-list-item">
			<div class="article-list-item-inside">
				<div class="article-list-item-image">
									<span id="new_products_101" class="flyover_item"><a href="https://www.feinkost-aus-ungarn.de/de/Chili-Trade/CHILI-TRADE-Kirschpaprikakranz-getrocknete-Kirsch-Paprikakette-klein.html"><img src="images/product_images/thumbnail_images/chili_trade_kirschpaprika_klein_fau.jpg" alt="CHILI-TRADE | Kirschpaprikakranz (getrocknete Kirsch-Paprikakette) klein" title="CHILI-TRADE | Kirschpaprikakranz (getrocknete Kirsch-Paprikakette) klein"></a></span>
								</div>
				<div class="article-list-item-text">
					<p class="title"><a href="https://www.feinkost-aus-ungarn.de/de/Chili-Trade/CHILI-TRADE-Kirschpaprikakranz-getrocknete-Kirsch-Paprikakette-klein.html" title="CHILI-TRADE | Kirschpaprikakranz (getrocknete Kirsch-Paprikakette) klein">CHILI-TRADE | Kirschpaprikakranz...</a></p>
					<div class="article-list-item-price">
						<div class="article-list-item-price-inline">

							<span class="price"><a href="https://www.feinkost-aus-ungarn.de/de/Chili-Trade/CHILI-TRADE-Kirschpaprikakranz-getrocknete-Kirsch-Paprikakette-klein.html"> 4,99 EUR</a></span>
															<br>
								
																						<span class="small"> 4,99 EUR pro stück<br></span>
													</div>
					</div>
				</div>
			</div>
		</div>

		
	
		<div class="article-list-item">
			<div class="article-list-item-inside">
				<div class="article-list-item-image">
									<span id="new_products_81" class="flyover_item"><a href="https://www.feinkost-aus-ungarn.de/de/Teigwaren/Eiernudeln-mit-4-Eiern-Csusza-Gyermelyi.html"><img src="images/product_images/thumbnail_images/gyermelyi_csusza_feinkost_aus_ungarn.jpg" alt="Eiernudeln mit 4 Eiern Csusza 500g | Gyermelyi" title="Eiernudeln mit 4 Eiern Csusza 500g | Gyermelyi"></a></span>
								</div>
				<div class="article-list-item-text">
					<p class="title"><a href="https://www.feinkost-aus-ungarn.de/de/Teigwaren/Eiernudeln-mit-4-Eiern-Csusza-Gyermelyi.html" title="Magyar tészta, Ungarische Teigwaren | Eiernudeln mit 4 Eiern Csusza | Gyermelyi">Eiernudeln mit 4 Eiern Csusza 500g |...</a></p>
					<div class="article-list-item-price">
						<div class="article-list-item-price-inline">

							<span class="price"><a href="https://www.feinkost-aus-ungarn.de/de/Teigwaren/Eiernudeln-mit-4-Eiern-Csusza-Gyermelyi.html"> 3,79 EUR</a></span>
															<br>
								
																						<span class="small"> 7,58 EUR pro Kg<br></span>
													</div>
					</div>
				</div>
			</div>
		</div>

	</div>



<div class="first_page_content">



</div>





	<h3>Angebote</h3>
	<div class="article-list cols clearfix">
	
		
	
		<div class="article-list-item">
			<div class="article-list-item-inside">
				<div class="article-list-item-image">
									<span id="specials_48" class="flyover_item"><a href="https://www.feinkost-aus-ungarn.de/de/Szaloncukor-Bonbonetti/Bonbonetti-Csokolades-Meggyes-Szaloncukor.html"><img src="images/product_images/thumbnail_images/6. BB Csokoládés-meggyes szalon 345g.jpg" alt="Bonbonetti Csokoládés-Meggyes Szaloncukor" title="Bonbonetti Csokoládés-Meggyes Szaloncukor"></a></span>
								</div>
				<div class="article-list-item-text">
					<p class="title"><a href="https://www.feinkost-aus-ungarn.de/de/Szaloncukor-Bonbonetti/Bonbonetti-Csokolades-Meggyes-Szaloncukor.html" title="Bonbonetti Csokoládés-Meggyes Szaloncukor | Schokolade - Kirsche...">Bonbonetti Csokoládés-Meggyes...</a></p>
					<div class="article-list-item-price">
						<div class="article-list-item-price-inline">

							<span class="price"><a href="https://www.feinkost-aus-ungarn.de/de/Szaloncukor-Bonbonetti/Bonbonetti-Csokolades-Meggyes-Szaloncukor.html"> Nur  4,55 EUR</a></span>
															<br>
								
																						<span class="small"> 13,19 EUR pro Kg<br></span>
													</div>
					</div>
				</div>
			</div>
		</div>

		
	
		<div class="article-list-item">
			<div class="article-list-item-inside">
				<div class="article-list-item-image">
									<span id="specials_32" class="flyover_item"><a href="https://www.feinkost-aus-ungarn.de/de/Szaloncukor-Bonbonetti/Bonbonetti-Nosztalgia-Praline-mit-Kirsch-Trueffelcrme-350g.html"><img src="images/product_images/thumbnail_images/nostalgia_bonbonetti_kirsch_trueffelcreme_fau.jpg" alt="Bonbonetti | Nosztalgia Praline mit Kirsch-Trüffelcrme 350g" title="Bonbonetti | Nosztalgia Praline mit Kirsch-Trüffelcrme 350g"></a></span>
								</div>
				<div class="article-list-item-text">
					<p class="title"><a href="https://www.feinkost-aus-ungarn.de/de/Szaloncukor-Bonbonetti/Bonbonetti-Nosztalgia-Praline-mit-Kirsch-Trueffelcrme-350g.html" title="Szaloncukor-Bonbonetti | Nosztalgia Praline mit Kirsch-Trüffelcrme 350g">Bonbonetti | Nosztalgia Praline mit...</a></p>
					<div class="article-list-item-price">
						<div class="article-list-item-price-inline">

							<span class="price"><a href="https://www.feinkost-aus-ungarn.de/de/Szaloncukor-Bonbonetti/Bonbonetti-Nosztalgia-Praline-mit-Kirsch-Trueffelcrme-350g.html"> Nur  8,99 EUR</a></span>
															<br>
								
																						<span class="small"> 25,69 EUR pro Kg<br></span>
													</div>
					</div>
				</div>
			</div>
		</div>

		
	
		<div class="article-list-item">
			<div class="article-list-item-inside">
				<div class="article-list-item-image">
									<span id="specials_43" class="flyover_item"><a href="https://www.feinkost-aus-ungarn.de/de/Szaloncukor-Bonbonetti/Bonbonetti-Szaloncukor-Vajkaramelas.html"><img src="images/product_images/thumbnail_images/bb_szalon3d_vajkaramella_kozepes.jpg" alt="Bonbonetti Szaloncukor &quot; Vajkaramelas&quot;" title="Bonbonetti Szaloncukor &quot; Vajkaramelas&quot;"></a></span>
								</div>
				<div class="article-list-item-text">
					<p class="title"><a href="https://www.feinkost-aus-ungarn.de/de/Szaloncukor-Bonbonetti/Bonbonetti-Szaloncukor-Vajkaramelas.html" title="SZALONCUKOR | Butterkaramell Weihnachtsdessert in Schokolade Bonbonetti...">Bonbonetti Szaloncukor "...</a></p>
					<div class="article-list-item-price">
						<div class="article-list-item-price-inline">

							<span class="price"><a href="https://www.feinkost-aus-ungarn.de/de/Szaloncukor-Bonbonetti/Bonbonetti-Szaloncukor-Vajkaramelas.html"> Nur  4,63 EUR</a></span>
															<br>
								
																						<span class="small"> 13,42 EUR pro Kg<br></span>
													</div>
					</div>
				</div>
			</div>
		</div>

		
	
		<div class="article-list-item">
			<div class="article-list-item-inside">
				<div class="article-list-item-image">
									<span id="specials_52" class="flyover_item"><a href="https://www.feinkost-aus-ungarn.de/de/Szaloncukor-Bonbonetti/Szaloncukor-Bonbonetti-Martott-Konzum-345g.html"><img src="images/product_images/thumbnail_images/szaloncukor_bonbonetti_martott_konzum.jpg" alt="Szaloncukor | Bonbonetti Mártott Konzum 345g" title="Szaloncukor | Bonbonetti Mártott Konzum 345g"></a></span>
								</div>
				<div class="article-list-item-text">
					<p class="title"><a href="https://www.feinkost-aus-ungarn.de/de/Szaloncukor-Bonbonetti/Szaloncukor-Bonbonetti-Martott-Konzum-345g.html" title="Weihnachten in Ungarn Szaloncukor | Bonbonetti Mártott Konzum 345g">Szaloncukor | Bonbonetti Mártott...</a></p>
					<div class="article-list-item-price">
						<div class="article-list-item-price-inline">

							<span class="price"><a href="https://www.feinkost-aus-ungarn.de/de/Szaloncukor-Bonbonetti/Szaloncukor-Bonbonetti-Martott-Konzum-345g.html"> Nur  5,09 EUR</a></span>
															<br>
								
																						<span class="small"> 14,75 EUR pro Kg<br></span>
													</div>
					</div>
				</div>
			</div>
		</div>

		
	
		<div class="article-list-item">
			<div class="article-list-item-inside">
				<div class="article-list-item-image">
									<span id="specials_223" class="flyover_item"><a href="https://www.feinkost-aus-ungarn.de/de/Szaloncukor-Bonbonetti/Bonbonetti-Drazs-70g-Duna-Kavics.html"><img src="images/product_images/thumbnail_images/dunakavics-70g.jpg" alt="Bonbonetti Drazsé 70g | Duna Kavics" title="Bonbonetti Drazsé 70g | Duna Kavics"></a></span>
								</div>
				<div class="article-list-item-text">
					<p class="title"><a href="https://www.feinkost-aus-ungarn.de/de/Szaloncukor-Bonbonetti/Bonbonetti-Drazs-70g-Duna-Kavics.html" title="Bonbonetti Drazsé 70g | Duna Kavics">Bonbonetti Drazsé 70g | Duna Kavics</a></p>
					<div class="article-list-item-price">
						<div class="article-list-item-price-inline">

							<span class="price"><a href="https://www.feinkost-aus-ungarn.de/de/Szaloncukor-Bonbonetti/Bonbonetti-Drazs-70g-Duna-Kavics.html"> Nur  1,89 EUR</a></span>
															<br>
								
																						<span class="small"> 27,00 EUR pro Kg<br></span>
													</div>
					</div>
				</div>
			</div>
		</div>

		
	
		<div class="article-list-item">
			<div class="article-list-item-inside">
				<div class="article-list-item-image">
									<span id="specials_129" class="flyover_item"><a href="https://www.feinkost-aus-ungarn.de/de/BIOMED-Kft-/BIOMED-Echte-Lavendel-Creme-70-g.html"><img src="images/product_images/thumbnail_images/biomed_levendula_krem_2015.jpg" alt="BIOMED | Echte Lavendel Creme 70 g" title="BIOMED | Echte Lavendel Creme 70 g"></a></span>
								</div>
				<div class="article-list-item-text">
					<p class="title"><a href="https://www.feinkost-aus-ungarn.de/de/BIOMED-Kft-/BIOMED-Echte-Lavendel-Creme-70-g.html" title="Francia Levendula krém  | BIOMED | Echte Lavendel Creme 70 g | Zur...">BIOMED | Echte Lavendel Creme 70 g</a></p>
					<div class="article-list-item-price">
						<div class="article-list-item-price-inline">

							<span class="price"><a href="https://www.feinkost-aus-ungarn.de/de/BIOMED-Kft-/BIOMED-Echte-Lavendel-Creme-70-g.html"> Nur  1,60 EUR</a></span>
															<br>
								
																						<span class="small"> 22,86 EUR pro Kg<br></span>
													</div>
					</div>
				</div>
			</div>
		</div>

	</div>




<!-- #BOF YOOCHOOSE -->
<!-- #EOF YOOCHOOSE -->

 



	<h3>Neue Artikel</h3>
	<div class="article-list cols clearfix">
	
		
	
		<div class="article-list-item">
			<div class="article-list-item-inside">
				<div class="article-list-item-image">
									<span id="new_products_292" class="flyover_item"><a href="https://www.feinkost-aus-ungarn.de/de/Sonstiges/kaffee-chaqwa/chaqwa-kaffee-exklusiv-bio-1000-g.html"><img src="images/product_images/thumbnail_images/Exklusiv_1000g.jpg" alt="Chaqwa Kaffee &quot;Exklusiv&quot; BIO 1000 g" title="Chaqwa Kaffee &quot;Exklusiv&quot; BIO 1000 g"></a></span>
								</div>
				<div class="article-list-item-text">
					<p class="title"><a href="https://www.feinkost-aus-ungarn.de/de/Sonstiges/kaffee-chaqwa/chaqwa-kaffee-exklusiv-bio-1000-g.html" title="Chaqwa Kaffee &quot;Exklusiv&quot; BIO 1000 g,
CHAQWA Exklusiv besteht zu 100% aus...">Chaqwa Kaffee "Exklusiv"...</a></p>
					<div class="article-list-item-price">
						<div class="article-list-item-price-inline">

							<span class="price"><a href="https://www.feinkost-aus-ungarn.de/de/Sonstiges/kaffee-chaqwa/chaqwa-kaffee-exklusiv-bio-1000-g.html"> 19,99 EUR</a></span>
															<br>
								
																				</div>
					</div>
				</div>
			</div>
		</div>

		
	
		<div class="article-list-item">
			<div class="article-list-item-inside">
				<div class="article-list-item-image">
									<span id="new_products_294" class="flyover_item"><a href="https://www.feinkost-aus-ungarn.de/de/Pick-Szeged-Zrt-/pick-echt-ungarische-balaton-salami-200g.html"><img src="images/product_images/thumbnail_images/15750-PICK-Echt-ungarische-Balaton-Salami-200g.png" alt="PICK | Echt Ungarische Balaton Salami 200g" title="PICK | Echt Ungarische Balaton Salami 200g"></a></span>
								</div>
				<div class="article-list-item-text">
					<p class="title"><a href="https://www.feinkost-aus-ungarn.de/de/Pick-Szeged-Zrt-/pick-echt-ungarische-balaton-salami-200g.html" title="PICK | Echt Ungarische Balaton Salami 200g, Das Rezept für diese milde...">PICK | Echt Ungarische Balaton Salami...</a></p>
					<div class="article-list-item-price">
						<div class="article-list-item-price-inline">

							<span class="price"><a href="https://www.feinkost-aus-ungarn.de/de/Pick-Szeged-Zrt-/pick-echt-ungarische-balaton-salami-200g.html"> 3,49 EUR</a></span>
															<br>
								
																						<span class="small"> 17,45 EUR pro Kg<br></span>
													</div>
					</div>
				</div>
			</div>
		</div>

		
	
		<div class="article-list-item">
			<div class="article-list-item-inside">
				<div class="article-list-item-image">
									<span id="new_products_293" class="flyover_item"><a href="https://www.feinkost-aus-ungarn.de/de/Sonstiges/kaffee-chaqwa/chaqwa-kaffee-spezial-1000-g.html"><img src="images/product_images/thumbnail_images/Spezial_1000g.jpg" alt="Chaqwa Kaffee &quot;Spezial&quot; 1000 g" title="Chaqwa Kaffee &quot;Spezial&quot; 1000 g"></a></span>
								</div>
				<div class="article-list-item-text">
					<p class="title"><a href="https://www.feinkost-aus-ungarn.de/de/Sonstiges/kaffee-chaqwa/chaqwa-kaffee-spezial-1000-g.html" title="Chaqwa Kaffee &quot;Spezial&quot; 1000 g
CHAQWA Spezial ist für die besonderen...">Chaqwa Kaffee "Spezial" 1000 g</a></p>
					<div class="article-list-item-price">
						<div class="article-list-item-price-inline">

							<span class="price"><a href="https://www.feinkost-aus-ungarn.de/de/Sonstiges/kaffee-chaqwa/chaqwa-kaffee-spezial-1000-g.html"> 18,99 EUR</a></span>
															<br>
								
																						<span class="small"> 18,99 EUR pro Kg<br></span>
													</div>
					</div>
				</div>
			</div>
		</div>

	</div>



<div class="first_page_content">


<h2>Inno Rheuma Creme für körperliches Wohlbefinden</h2>

<p>
	Doch zu unserem umfangreichen Sortiment gehören nicht nur appetitliche Spezialitäten aus Ungarn. Hier finden Sie auch großartige Erzeugnisse aus Magyarország, mit denen Sie Ihrem Körper etwas Gutes tun können. Inno Rheuma Creme der renommierten Marke NATURSTAR<sup>®</sup> ist beispielsweise ein erprobtes, durchblutungsförderndes Schmerzmittel, das bei rheumatischen Leiden und bei Muskel- oder Gelenkschmerzen angewendet werden kann. Darüber hinaus führen wir als deutscher Vertriebspartner verschiedene BIOMED<sup>®</sup> Cremes (Beinwell, Rosskastanie, Rosmarin, Ringelblume, Lavendel) im Programm.
</p>

<h2>Ungarische Lebensmittel und Feinkost liefern wir weltweit</h2>

<p>
	Schauen Sie doch mal in unserem Ladengeschäft in Teningen vorbei, wenn Sie sich vorzügliche ungarische Lebensmittel und Feinkost schmecken lassen möchten. Bestellen Sie ungarische Spezialitäten in unserem Online-Shop, die Lieferung erfolgt nicht nur deutschlandweit - ob nach Emmendingen oder Essen (NRW), sondern WELTWEIT: Wir liefern exakt dorthin, wo Sie es wünschen.
</p>
</div>

						</div>
					</div>

					<div id="left" class="clearfix">
						<div id="gm_box_pos_2" class="gm_box_container">

<div id="menubox_languages" class="c_languages content-box white clearfix">
	<div id="menubox_languages_head" class="c_boxhead content-box-header clearfix">
		<div class="content-box-header-inner">
			Sprachen
		</div>
	</div>
	<div id="menubox_languages_body" class="content-box-main clearfix">
		<div class="content-box-main-inner clearfix">
       <a href="https://www.feinkost-aus-ungarn.de/index.php?language=de"><img src="lang/german/icon.gif" alt="Deutsch" title="Deutsch" width="32" height="35"></a>  <a href="https://www.feinkost-aus-ungarn.de/index.php?language=en"><img src="lang/english/icon.gif" alt="English" title="English" width="32" height="35"></a> 
		</div>
	</div>
</div>
</div>
<div id="gm_box_pos_4" class="gm_box_container">

<div id="menubox_information" class="c_information content-box white clearfix">
	<div id="menubox_information_head" class="c_boxhead content-box-header clearfix">
		<div class="content-box-header-inner">
			Informationen
		</div>
	</div>
	<div id="menubox_information_body" class="content-box-main clearfix">
		<div class="content-box-main-inner clearfix">
							<img src="templates/EyeCandy/img/icon_arrow.gif" alt=""> <a href="https://www.feinkost-aus-ungarn.de/de/info/impressum.html">Impressum</a><br>
							<img src="templates/EyeCandy/img/icon_arrow.gif" alt=""> <a href="https://www.feinkost-aus-ungarn.de/de/info/trusted-shops.html">Trusted Shops</a><br>
							<img src="templates/EyeCandy/img/icon_arrow.gif" alt=""> <a href="https://www.feinkost-aus-ungarn.de/de/info/Versand-und-Zahlungsbedingungen.html">Versand- &amp; Zahlungsbedingungen</a><br>
							<img src="templates/EyeCandy/img/icon_arrow.gif" alt=""> <a href="https://www.feinkost-aus-ungarn.de/de/info/Widerrufsbelehrung.html">Widerrufsrecht</a><br>
							<img src="templates/EyeCandy/img/icon_arrow.gif" alt=""> <a href="https://www.feinkost-aus-ungarn.de/de/info/allgemeine-geschaeftsbedingungen.html">AGB</a><br>
							<img src="templates/EyeCandy/img/icon_arrow.gif" alt=""> <a href="https://www.feinkost-aus-ungarn.de/de/info/privatsphaere-und-datenschutz.html">Privatsphäre und Datenschutz</a><br>
					</div>
	</div>
</div>

</div>
<div id="gm_box_pos_6" class="gm_box_container">


<div id="menubox_search" class="c_search content-box white clearfix">
	<div id="menubox_search_head" class="c_boxhead content-box-header clearfix">
		<div class="content-box-header-inner">
			Erweiterte Suche
		</div>
	</div>
	<div id="menubox_search_body" class="content-box-main clearfix">
		<div class="content-box-main-inner clearfix">
      <form id="quick_find" action="advanced_search_result.php" method="get">
				<input type="text" name="keywords" value="" class="input-text box-input-field">
				<div class="input submit">
					<a href="/#" class="button_blue button_set action_submit" title="Suche starten und Ergebnisse anzeigen"><span class="button-outer"><span class="button-inner">Go</span></span></a>
				</div>
				<div class="menubox_link">
					<a href="https://www.feinkost-aus-ungarn.de/advanced_search.php">Erweiterte Suche</a>
											<br>
						<a href="/#" class="gm_opensearch button_opensearch" title="Die Schnell-Suche ist derzeit nur im Internet Explorer 7 und im Mozilla Firefox verfügbar.">Browser-Schnellsuche</a> [<a href="/#" class="gm_opensearch_info button_opensearch">info</a>]
									</div>
			</form>
		</div>
	</div>
</div>
</div>
<div id="gm_box_pos_8" class="gm_box_container"><div id="menubox_extrabox2" class="c_extrabox2 content-box white clearfix">
	<div id="menubox_extrabox2_head" class="c_boxhead content-box-header clearfix">
		<div class="content-box-header-inner">
			Kundenbewertungen
		</div>
	</div>
	<div id="menubox_extrabox2_body" class="content-box-main clearfix">
		<div class="content-box-main-inner clearfix">
           <!-- rating widget - please do not change the code  -->
<div id="rating_widget_placeholder"><a id="ks_rating_link" href="https://www.kaeufersiegel.de/bewertung/shop/feinkost-aus-ungarn-de" title="Kundenbewertung einsehen" target="_blank">

<img src="https://www.kaeufersiegel.de/bewertung/widgets/aa2a77371374094fe9e0bc1de3f94ed9/2.png?1513868646463" alt="Käufersiegel Kundenbewertung" width="180" height="282" style="border: none;">

</a></div>

<div style="text-align: center;"><script type="text/javascript">var ksId='aa2a77371374094fe9e0bc1de3f94ed9';var ksDomain='feinkost-aus-ungarn-de';var ksWidgetDesign=2;var ksWidgetWidth=180;</script><script type="text/javascript" src="https://www.kaeufersiegel.de/bewertung/widgetCore/get-widget.js" async=""></script></div>

<div style="text-align: center;"><!-- Beginn des Händlerbund HTML-Code --><!-- Der HTML-Code darf im Sinne der einwandfreien Funktionalität nicht verändert werden! --></div>

<div style="text-align: center;">&nbsp;</div>
<!-- Beginn des H&auml;ndlerbund HTML-Code --><!-- Der HTML-Code darf im Sinne der einwandfreien Funktionalität nicht ver&auml;ndert werden! --><!-- Ende des H&auml;ndlerbund HTML-Code -->

<div style="text-align: center;"><a href="https://www.haendlerbund.de/mitglied/show.php?uuid=bc2dee30-c253-11e4-bc3a-14dae9b38da3-8204959601" target="_blank"><img alt="Mitglied im Händlerbund" border="0" hspace="5" src="https://www.haendlerbund.de/mitglied/logo.php?uuid=bc2dee30-c253-11e4-bc3a-14dae9b38da3-8204959601&amp;size=150&amp;variant=2" title="Händlerbund Mitglied" vspace="5"> </a></div>

<div style="text-align: center;"></a><br>
<a href="https://a.check24.net/misc/click.php?pid=101024&amp;aid=231&amp;deep=pauschalreisen-vergleich" target="_blank"><img src="https://a.check24.net/misc/view.php?pid=101024&amp;aid=231"></a></div>
		</div>
	</div>
</div>
</div>
<div id="gm_box_pos_10" class="gm_box_container">


<div id="menubox_add_a_quickie" class="c_add_quickie content-box white clearfix">
	<div id="menubox_add_a_quickie_head" class="c_boxhead content-box-header clearfix">
		<div class="content-box-header-inner">
			Schnellkauf
		</div>
	</div>
	<div id="menubox_add_a_quickie_body" class="content-box-main clearfix">
		<div class="content-box-main-inner clearfix">
			<form id="quick_add" action="index.php?action=add_a_quickie" method="post">
				<label>Bitte geben Sie die Artikelnummer aus unserem Katalog ein.</label><br><br>
				<input name="quickie" type="text" value="" class="input-text box-input-field" placeholder="Artikelnummer">
				<div class="input submit">
					<a href="/#" class="button_blue button_set action_submit" title="Produkt mit gesuchter Artikelnummer in den Warenkorb legen"><span class="button-outer"><span class="button-inner">Go</span></span></a>
				</div>
			</form>
		</div>
	</div>
</div></div>
<div id="gm_box_pos_18" class="gm_box_container">


<div id="menubox_login" class="c_login content-box white clearfix">
	<div id="menubox_login_head" class="c_boxhead content-box-header clearfix">
		<div class="content-box-header-inner">
			Kundenlogin
		</div>
	</div>
	<div id="menubox_login_body" class="content-box-main clearfix">
		<div class="content-box-main-inner clearfix">
      <form id="loginbox" action="https://www.feinkost-aus-ungarn.de/login.php?action=process" method="post">
				<label>E-Mail-Adresse</label>
				<input type="text" name="email_address" value="" class="input-text">
				<label>Passwort</label>
				<input type="password" name="password" value="" class="input-text">
				<br>
				<div class="input submit">
					<a href="/#" class="button_blue button_set action_submit"><span class="button-outer"><span class="button-inner">Anmelden</span></span></a>
				</div>
				<div class="menubox_link">
					<a href="https://www.feinkost-aus-ungarn.de/login.php">
						Konto erstellen
					</a><br>
					<a href="https://www.feinkost-aus-ungarn.de/password_double_opt.php">
						Passwort vergessen?
					</a>
				</div>	
			</form>
		</div>
	</div>
</div>
</div>
<div id="gm_box_pos_20" class="gm_box_container">
<div id="menubox_best_sellers" class="c_bestsellers content-box white clearfix">
	<div id="menubox_best_sellers_head" class="c_boxhead content-box-header clearfix">
		<div class="content-box-header-inner">Bestseller</div>
	</div>
	<div id="menubox_best_sellers_body" class="content-box-main clearfix">
		<div class="content-box-main-inner clearfix article-list bestsellers">
		
				
			<div class="article-list-item box_load_bestseller">
				<div class="article-list-item-inside">
					
					<div class="article-list-item-text box_head">
						<span id="bestseller-number_3" class="article-list-item-number flyover_item">01.</span>
						<span id="bestseller-title_3" class="title flyover_item"><a href="https://www.feinkost-aus-ungarn.de/de/Univer-Zrt/Eroes-Pista-Paprikapaste-scharf-200g.html" title="UNIVER-Erös Pista Paprikapaste scharf 200g, Erös Pista paprika krém 200g">Erös Pista Paprikapaste scharf 200g</a></span>
					</div>
					<div class="article-list-item-price">
						 2,59 EUR<br>
						<span class="gm_products_vpe products-vpe"> 12,95 EUR pro Kg</span>					</div>
				</div>
			</div>
				
			<div class="article-list-item box_load_bestseller">
				<div class="article-list-item-inside">
					
					<div class="article-list-item-text box_head">
						<span id="bestseller-number_107" class="article-list-item-number flyover_item">02.</span>
						<span id="bestseller-title_107" class="title flyover_item"><a href="https://www.feinkost-aus-ungarn.de/de/Quark-Riegel-Turo-Rudi-Natur-30g.html" title="Túró Rudi, ein mit einer Quarkzubereitung gefüllter Schokoladenriegel, ist...">Quark-Riegel | "Túró Rudi" Natur 30g</a></span>
					</div>
					<div class="article-list-item-price">
						 1,09 EUR<br>
						<span class="gm_products_vpe products-vpe"> 36,33 EUR pro Kg</span>					</div>
				</div>
			</div>
				
			<div class="article-list-item box_load_bestseller">
				<div class="article-list-item-inside">
					
					<div class="article-list-item-text box_head">
						<span id="bestseller-number_23" class="article-list-item-number flyover_item">03.</span>
						<span id="bestseller-title_23" class="title flyover_item"><a href="https://www.feinkost-aus-ungarn.de/de/Univer-Zrt/Ungarische-Knoblauchcreme-160g-UNIVER.html" title="Ungarische Knoblauchcreme,Fokhagymakrém 160g | UNIVER">Ungarische Knoblauchcreme 160g | UNIVER</a></span>
					</div>
					<div class="article-list-item-price">
						 3,09 EUR<br>
						<span class="gm_products_vpe products-vpe"> 19,31 EUR pro Kg</span>					</div>
				</div>
			</div>
				
			<div class="article-list-item box_load_bestseller">
				<div class="article-list-item-inside">
					
					<div class="article-list-item-text box_head">
						<span id="bestseller-number_21" class="article-list-item-number flyover_item">04.</span>
						<span id="bestseller-title_21" class="title flyover_item"><a href="https://www.feinkost-aus-ungarn.de/de/Univer-Zrt/Edes-Anna-UNIVER-Paprikapaste-mild-200g.html" title="Èdes Anna |  UNIVER | Paprikapaste mild 200g">Èdes Anna |  UNIVER | Paprikapaste mild 200g</a></span>
					</div>
					<div class="article-list-item-price">
						 2,45 EUR<br>
						<span class="gm_products_vpe products-vpe"> 12,25 EUR pro Kg</span>					</div>
				</div>
			</div>
				
			<div class="article-list-item box_load_bestseller">
				<div class="article-list-item-inside">
					
					<div class="article-list-item-text box_head">
						<span id="bestseller-number_42" class="article-list-item-number flyover_item">05.</span>
						<span id="bestseller-title_42" class="title flyover_item"><a href="https://www.feinkost-aus-ungarn.de/de/Chili-Trade/Csipoes-Huszar-scharfe-Paprikapaste-210g-Chili-Trade.html" title="Chili Trade Csipös Huszár - scharfe Paprikapaste 210g | Magyar Termék...">Csipös Huszár - scharfe Paprikapaste 210g | Chili Trade</a></span>
					</div>
					<div class="article-list-item-price">
						 2,89 EUR<br>
						<span class="gm_products_vpe products-vpe"> 13,76 EUR pro Kg</span>					</div>
				</div>
			</div>
						

		</div>
	</div>
</div>
</div>
<div id="gm_box_pos_26" class="gm_box_container">

<div id="menubox_specials" class="c_specials content-box white clearfix">
	<div id="menubox_specials_head" class="c_boxhead content-box-header clearfix">
		<div class="content-box-header-inner">
			<div class="menubox_heading">Angebote</div>
			<a href="https://www.feinkost-aus-ungarn.de/specials.php">
				<span class="png-fix circle_arrow_right" title="Angebote">
					&nbsp;
				</span>
			</a>
		</div>
	</div>
	<div id="menubox_specials_body" class="content-box-main clearfix">
		<div class="content-box-main-inner clearfix article-list offer">
			<div class="article-list-item">
				<div class="article-list-item-inside">
											<div class="article-list-item-image">
							<a href="https://www.feinkost-aus-ungarn.de/de/Kotanyi/KOTANYI-Ungarischer-Premium-Paprika-Delikatess-1kg.html"><img src="images/product_images/thumbnail_images/803901_ungar.paprika_delikatess.jpg" alt="KOTÁNYI Ungarischer Premium Paprika Delikatess  1kg" title="KOTÁNYI Ungarischer Premium Paprika Delikatess  1kg"></a>
						</div>
										<div class="article-list-item-text">
						<br>
						<span class="title"><a href="https://www.feinkost-aus-ungarn.de/de/Kotanyi/KOTANYI-Ungarischer-Premium-Paprika-Delikatess-1kg.html" title="KOTÁNYI Ungarischer Premium Paprika Delikatess 1kg">KOTÁNYI Ungarischer Premium Paprika Delikatess  1kg</a></span><br>
						<br>
						<span class="price"><a href="https://www.feinkost-aus-ungarn.de/de/Kotanyi/KOTANYI-Ungarischer-Premium-Paprika-Delikatess-1kg.html"> Nur  17,09 EUR</a></span><br>
													<span class="title"> 17,09 EUR pro Kg</span><br>
											</div>
				</div>
			</div>
		</div>
	</div>
</div></div>
<div id="gm_box_pos_36" class="gm_box_container">

<div id="menubox_paypal" class="c_paypal content-box white clearfix">
	<div id="menubox_paypal_head" class="c_boxhead content-box-header clearfix">
		<div class="content-box-header-inner">
			Sicher zahlen mit PayPal
		</div>
	</div>
	<div id="menubox_paypal_body" class="content-box-main clearfix">
		<div class="content-box-main-inner clearfix">
			<!-- PayPal Logo -->
			<table border="0" cellpadding="10" cellspacing="0" align="center">
				<tbody><tr>
					<td align="center">
						<a href="https://www.paypal.com/de/webapps/mpp/pay-online" target="_blank" rel="nofollow"><img src="https://www.paypal-deutschland.de/external/logocenter-update/logo-paypal-150x41.gif" border="0" alt="PayPal-Bezahlmethoden-Logo"></a>
					</td>
				</tr>
			</tbody></table>
			<!-- PayPal Logo -->
		</div>
	</div>
</div></div>
<div id="gm_box_pos_38" class="gm_box_container">

<div id="menubox_gm_counter" class="c_gm_counter content-box white clearfix">
	<div id="menubox_gm_counter_head" class="c_boxhead content-box-header clearfix">
		<div class="content-box-header-inner">
			Besucherstatistik
		</div>
	</div>
	<div id="menubox_gm_counter_body" class="content-box-main clearfix">
		<div class="content-box-main-inner clearfix">
			<span class="strong">10 Besucher</span>
			<br>
			zur Zeit online
			<br>
			<br>
			<span class="strong">261843 Besucher</span>
			<br>
			seit dem 25.09.2014
		</div>
	</div>
</div>
</div>
<div id="gm_box_pos_42" class="gm_box_container">

<div id="menubox_whatsnew" class="c_whatsnew content-box white clearfix">
	<div id="menubox_whatsnew_head" class="c_boxhead content-box-header clearfix">

		<div class="content-box-header-inner">
			<div class="menubox_heading">Neue Artikel</div>
			<a href="https://www.feinkost-aus-ungarn.de/products_new.php">
				<span class="png-fix circle_arrow_right" title="Neue Artikel">
					&nbsp;
				</span>
			</a>
		</div>
	</div>
	<div id="menubox_whatsnew_body" class="content-box-main clearfix">
		<div class="content-box-main-inner clearfix article-list offer">
			<div class="article-list-item">
				<div class="article-list-item-inside">
											<div class="article-list-item-image">
							<a href="https://www.feinkost-aus-ungarn.de/de/Teigwaren/M-Gabiteszta-Kft/m-gabiteszta-fodros-nagykocka-mit-8-eier-250g.html"><img src="images/product_images/thumbnail_images/muti_fodros_nagykocka_8tojas-021.jpg" alt="M-Gabitészta | Fodros nagykocka | mit 8 Eier 250g" title="M-Gabitészta | Fodros nagykocka | mit 8 Eier 250g"></a>
						</div>
										<div class="article-list-item-text">
						<br>
						<span class="title"><a href="https://www.feinkost-aus-ungarn.de/de/Teigwaren/M-Gabiteszta-Kft/m-gabiteszta-fodros-nagykocka-mit-8-eier-250g.html" title="M-Gabitészta | Fodros nagykocka | mit 8 Eier 250g, Házi Jellegü...">M-Gabitészta | Fodros nagykocka | mit 8 Eier 250g</a></span><br>
						<br>
						<span class="price"><a href="https://www.feinkost-aus-ungarn.de/de/Teigwaren/M-Gabiteszta-Kft/m-gabiteszta-fodros-nagykocka-mit-8-eier-250g.html"> 3,49 EUR</a></span><br>
													<span class="title"> 13,96 EUR pro Kg</span><br>
											</div>
				</div>
			</div>
		</div>
	</div>
</div>

</div>
<div id="gm_box_pos_48" class="gm_box_container">

<div id="menubox_manufacturers" class="c_manufacturers content-box white clearfix">
	<div id="menubox_manufacturers_head" class="c_boxhead content-box-header clearfix">
		<div class="content-box-header-inner">
			Hersteller
		</div>
	</div>
	<div id="menubox_manufacturers_body" class="content-box-main clearfix">
		<div class="content-box-main-inner clearfix">
      <form id="manufacturers" action="index.php" method="get"><select name="manufacturers_id" onchange="if(this.value!=''){this.form.submit();}" size="1" class="lightbox_visibility_hidden input-select"><option value="" selected="selected">Bitte wählen</option><option value="10">BIOMED Kft.</option><option value="2">Bonbonetti</option><option value="5">Chili Trade</option><option value="9">Gyermelyi TÉSZT..</option><option value="1">Gyulahús Kft.</option><option value="4">Merian Foods</option><option value="3">Pick Szeged</option><option value="8">Rex Ciborum</option><option value="6">Univer Zrt.</option></select></form>
		</div>
	</div>
</div>
</div>
<div id="gm_box_pos_54" class="gm_box_container">

<div id="menubox_content" class="c_content content-box white clearfix">
	<div id="menubox_content_head" class="c_boxhead content-box-header clearfix">
		<div class="content-box-header-inner">
			Mehr über...
		</div>
	</div>
	<div id="menubox_content_body" class="content-box-main clearfix">
		<div class="content-box-main-inner clearfix">
					<img src="templates/EyeCandy//img/icon_arrow.gif" alt=""> <a href="https://www.feinkost-aus-ungarn.de/de/info/wir-unterstuetzen-den-freiburger-mundenhof-mit-einer-tierpatenschaft.html">Tierpatenschaft Ungarische Steppenrinder</a><br>
					<img src="templates/EyeCandy//img/icon_arrow.gif" alt=""> <a href="https://www.feinkost-aus-ungarn.de/de/info/minigolf-am-seepark-freiburg.html">Minigolf am Seepark Freiburg</a><br>
					<img src="templates/EyeCandy//img/icon_arrow.gif" alt=""> <a href="https://www.feinkost-aus-ungarn.de/de/info/Restaurant-fuer-Ungarische-kueche-in-Freiburg.html">Ungarisches Restaurant</a><br>
					<img src="templates/EyeCandy//img/icon_arrow.gif" alt=""> <a href="https://www.feinkost-aus-ungarn.de/de/info/ungarischer-abend-magyar-est.html">Ungarischer Abend</a><br>
					<img src="templates/EyeCandy//img/icon_arrow.gif" alt=""> <a href="https://www.feinkost-aus-ungarn.de/de/info/mein-kontakt.html">Kontakt</a><br>
					<img src="templates/EyeCandy//img/icon_arrow.gif" alt=""> <a href="https://www.feinkost-aus-ungarn.de/de/info/sitemap.html">Sitemap</a><br>
					<img src="templates/EyeCandy//img/icon_arrow.gif" alt=""> <a href="https://www.feinkost-aus-ungarn.de/de/info/low-carb-lebensmittel-aus-ungarn.html">Ungarische Low-Carb Produkte</a><br>
					<img src="templates/EyeCandy//img/icon_arrow.gif" alt=""> <a href="https://www.feinkost-aus-ungarn.de/de/info/Eroes-Pista-Starker-Stephan.html">Erös Pista -Starker Stephan</a><br>
					<img src="templates/EyeCandy//img/icon_arrow.gif" alt=""> <a href="https://www.feinkost-aus-ungarn.de/de/info/Ungarische-Weihnachtsbonbons.html">Szaloncukor</a><br>
					<img src="templates/EyeCandy//img/icon_arrow.gif" alt=""> <a href="https://www.feinkost-aus-ungarn.de/de/info/Langos.html">Langos</a><br>
					<img src="templates/EyeCandy//img/icon_arrow.gif" alt=""> <a href="https://www.feinkost-aus-ungarn.de/de/info/Original-PICK-Wurstwaren.html">PICK szeged</a><br>
					<img src="templates/EyeCandy//img/icon_arrow.gif" alt=""> <a href="https://www.feinkost-aus-ungarn.de/de/info/black-forest-racing-team.html">Sponsoring</a><br>
					<img src="templates/EyeCandy//img/icon_arrow.gif" alt=""> <a href="https://www.feinkost-aus-ungarn.de/de/info/Hier-finden-Sie-Aktuelle-Veranstaltungen-von-Feinkost-aus-Ungarn-de.html">VERANSTALTUNGEN</a><br>
					<img src="templates/EyeCandy//img/icon_arrow.gif" alt=""> <a href="https://www.feinkost-aus-ungarn.de/de/info/Tarhonya-traditionelle-Teigware-aus-Ungarn.html">Tarhonya - traditionelle Teigware aus Ungarn</a><br>
					<img src="templates/EyeCandy//img/icon_arrow.gif" alt=""> <a href="https://www.feinkost-aus-ungarn.de/de/info/Die-Geschichte-des-Ungarischen-Paprika.html">Ungarischer Paprika</a><br>
					<img src="templates/EyeCandy//img/icon_arrow.gif" alt=""> <a href="https://www.feinkost-aus-ungarn.de/de/info/Salami-Szeged.html">ungarische Salami</a><br>
					<img src="templates/EyeCandy//img/icon_arrow.gif" alt=""> <a href="https://www.feinkost-aus-ungarn.de/de/info/Kundeninformation-UPO.html">Kundeninformation UPO</a><br>
					<img src="templates/EyeCandy//img/icon_arrow.gif" alt=""> <a href="https://www.feinkost-aus-ungarn.de/de/info/Unsere-Bankverbindung.html">Unsere Bankverbindung</a><br>
					<img src="templates/EyeCandy//img/icon_arrow.gif" alt=""> <a href="https://www.feinkost-aus-ungarn.de/de/info/Erleben-Sie-Ungarn-Monika-Kessler-ist-staatlich-gepruefte-Fremdenfuehrerin-in-Ungarn-und-freut-sich-auf-Ihr-Interesse-1215.html">Fremdenführerin in Ungarn</a><br>
					<img src="templates/EyeCandy//img/icon_arrow.gif" alt=""> <a href="https://www.feinkost-aus-ungarn.de/de/info/callback-service.html">Callback Service</a><br>
				</div>
	</div>
</div>

</div>
<div id="gm_box_pos_56" class="gm_box_container">

<div id="menubox_gm_bookmarks" class="c_gm_bookmarks content-box white clearfix">
	<div id="menubox_gm_bookmarks_head" class="c_boxhead content-box-header clearfix">
		<div class="content-box-header-inner">
			Seite speichern bei
		</div>
	</div>
	<div id="menubox_gm_bookmarks_body" class="content-box-main clearfix">
		<div class="content-box-main-inner clearfix">
      <a href="http://digg.com/submit?url=https://www.feinkost-aus-ungarn.de/index.php" rel="nofollow"><img alt="digg.com" title="digg.com" src="https://www.feinkost-aus-ungarn.de/gm/images/gm_bookmarks/diggs.gif"></a><a href="http://www.folkd.com/page/submit.html?addtofolkd=1&amp;step1_sent=1&amp;url=https://www.feinkost-aus-ungarn.de/index.php" rel="nofollow"><img alt="folkd" title="folkd" src="https://www.feinkost-aus-ungarn.de/gm/images/gm_bookmarks/folkd.gif"></a><a href="http://www.favoriten.de/url-hinzufuegen.html?bm_url=https://www.feinkost-aus-ungarn.de/index.php" rel="nofollow"><img alt="favoriten.de" title="favoriten.de" src="https://www.feinkost-aus-ungarn.de/gm/images/gm_bookmarks/favoriten.gif"></a><a href="http://www.google.com/bookmarks/mark?op=add&amp;hl=de&amp;bkmk=https://www.feinkost-aus-ungarn.de/index.php" rel="nofollow"><img alt="google" title="google" src="https://www.feinkost-aus-ungarn.de/gm/images/gm_bookmarks/google.gif"></a><a href="http://del.icio.us/post?url=https://www.feinkost-aus-ungarn.de/index.php" rel="nofollow"><img alt="del.icio.us" title="del.icio.us" src="https://www.feinkost-aus-ungarn.de/gm/images/gm_bookmarks/delicio.gif"></a><a href="http://www.edelight.de/geschenk/neu?purl=https://www.feinkost-aus-ungarn.de/index.php" rel="nofollow"><img alt="edelight" title="edelight" src="https://www.feinkost-aus-ungarn.de/gm/images/gm_bookmarks/edelight.gif"></a>
		</div>
	</div>
</div>
</div>

						
					</div>

					<div class="ts-rating-light ts-rating de_DE skyscraper_horizontal" style="border-color: rgb(170, 187, 204);"><div class="ts-wrapper"><div class="ts-title">Ausgewählte Top-Bewertungen für www.feinkost-aus-ungarn.de</div><i class="ts-header ts-icon ts-e-trustedshops"></i><div class="ts-reviews"><ul class="ts-reviews-list"><li><div class="ts-review"><div class="ts-review-avatar"><span>&nbsp;</span></div><div class="ts-review-info"><strong>19.12.17</strong></div><div class="ts-review-stars"><div class="ts-stars-small"><span class="ts-stars-fill" data-rating="5.00" style="width: 61px;"></span></div></div><div class="ts-review-text">Alles lief prima. Demnächst werde ich meine ungarischen Köstlichkeiten wieder hier bestellen.</div></div></li><li><div class="ts-review"><div class="ts-review-avatar"><span>&nbsp;</span></div><div class="ts-review-info"><strong>19.12.17</strong></div><div class="ts-review-stars"><div class="ts-stars-small"><span class="ts-stars-fill" data-rating="4.67" style="width: 56.974px;"></span></div></div><div class="ts-review-text">Meine Frage nach Lagerung wurde nicht ausreichend beantwortet.</div></div></li><li><div class="ts-review"><div class="ts-review-avatar"><span>&nbsp;</span></div><div class="ts-review-info"><strong>12.12.17</strong></div><div class="ts-review-stars"><div class="ts-stars-small"><span class="ts-stars-fill" data-rating="5.00" style="width: 61px;"></span></div></div><div class="ts-review-text">Keine Reklamation</div></div></li><li><div class="ts-review"><div class="ts-review-avatar"><span>&nbsp;</span></div><div class="ts-review-info"><strong>08.12.17</strong></div><div class="ts-review-stars"><div class="ts-stars-small"><span class="ts-stars-fill" data-rating="5.00" style="width: 61px;"></span></div></div><div class="ts-review-text">Die Leferung bekommt 5 Sterne.
Die Ware kann ich nicht bewerten sie wird verschenkt.
Aber optisch schon prima 
H…</div></div></li><li><div class="ts-review"><div class="ts-review-avatar"><span>&nbsp;</span></div><div class="ts-review-info"><strong>06.12.17</strong></div><div class="ts-review-stars"><div class="ts-stars-small"><span class="ts-stars-fill" data-rating="5.00" style="width: 61px;"></span></div></div><div class="ts-review-text">Alles bestens</div></div></li><li><div class="ts-review"><div class="ts-review-avatar"><span>&nbsp;</span></div><div class="ts-review-info"><strong>03.12.17</strong></div><div class="ts-review-stars"><div class="ts-stars-small"><span class="ts-stars-fill" data-rating="5.00" style="width: 61px;"></span></div></div><div class="ts-review-text">sehr schnelle lieferung, alles top</div></div></li><li><div class="ts-review"><div class="ts-review-avatar"><span>&nbsp;</span></div><div class="ts-review-info"><strong>03.12.17</strong></div><div class="ts-review-stars"><div class="ts-stars-small"><span class="ts-stars-fill" data-rating="5.00" style="width: 61px;"></span></div></div><div class="ts-review-text">Bin Begeistert</div></div></li><li><div class="ts-review"><div class="ts-review-avatar"><span>&nbsp;</span></div><div class="ts-review-info"><strong>02.12.17</strong></div><div class="ts-review-stars"><div class="ts-stars-small"><span class="ts-stars-fill" data-rating="5.00" style="width: 61px;"></span></div></div><div class="ts-review-text">Alles lief sehr gut</div></div></li><li><div class="ts-review"><div class="ts-review-avatar"><span>&nbsp;</span></div><div class="ts-review-info"><strong>02.12.17</strong></div><div class="ts-review-stars"><div class="ts-stars-small"><span class="ts-stars-fill" data-rating="5.00" style="width: 61px;"></span></div></div><div class="ts-review-text">Ging superschnell und ist wohlbehalten angekommen. Empfehlenswert.</div></div></li><li><div class="ts-review"><div class="ts-review-avatar"><span>&nbsp;</span></div><div class="ts-review-info"><strong>29.11.17</strong></div><div class="ts-review-stars"><div class="ts-stars-small"><span class="ts-stars-fill" data-rating="5.00" style="width: 61px;"></span></div></div><div class="ts-review-text">Alles super.</div></div></li></ul></div></div><div class="ts-footer" style="background-color: rgb(170, 187, 204);"><a class="footerReviewCount" href="https://www.trustedshops.de/bewertung/info_XC1476481E07310B9FE984CAC95508FED.html" target="_blank">93 Bewertungen</a><div class="footerArrow"></div></div></div><script type="text/javascript" async="" charset="utf-8" src="//widgets.trustedshops.com/reviews/tsSticker/tsSticker.js"></script><script type="text/javascript">
	_tsRatingConfig = {
		tsid: 'XC1476481E07310B9FE984CAC95508FED',
		variant: 'skyscraper_horizontal',
		/* valid values: skyscraper_vertical, skyscraper_horizontal, vertical */
		theme: 'light',
		reviews: 10,
		/* default = 10 */
		borderColor: '#aabbcc',
		/* optional - override the border */
		colorclassName: 'test',
		/* optional - override the whole sticker style with your own css class */
		introtext: 'What our customers say about us:'
		/* optional, not used in skyscraper variants */
	};
	var scripts = document.getElementsByTagName('SCRIPT'),
		me = scripts[scripts.length - 1];
	var _ts = document.createElement('SCRIPT');
		_ts.type = 'text/javascript';
		_ts.async = true;
		_ts.charset = 'utf-8';
		_ts.src ='//widgets.trustedshops.com/reviews/tsSticker/tsSticker.js';
	me.parentNode.insertBefore(_ts, me);
	_tsRatingConfig.script = _ts;
</script>

											<div id="shopsoftware_by_gambio">
							<a href="http://www.gambio.de" target="_blank">Onlineshop</a> by Gambio.de © 2016
						</div>
									</div>
			</div>

			

			

			


<div id="dropdown_shopping_cart" style="display: none;">
	<div id="dropdown_shopping_cart_inner" class="clearfix">
			<div class="cart-item clearfix">
			<div class="cart-item-inner clearfix">
				<p>Sie haben noch keine Artikel in Ihrem Warenkorb.</p>
			</div>
		</div>
	
	</div>
</div>


			


<div id="customer_login" style="display:none;">
	<div class="customer_login_container png-fix">
		<div class="customer_login_inside">
			<form action="https://www.feinkost-aus-ungarn.de/login.php?action=process" method="post">
				<label>E-Mail</label><br>
				<input type="text" name="email_address" value="" class="input-text"><br>
				<label>Passwort</label><br>
				<input type="password" name="password" value="" class="input-text"><br>
				<div class="submit-container"><a href="/#" class="button_blue button_set action_submit"><span class="button-outer"><span class="button-inner">Anmelden</span></span></a></div>
				<div class="customer_login_links">
					<a href="https://www.feinkost-aus-ungarn.de/login.php">
						Konto erstellen
					</a><br>
					<a href="https://www.feinkost-aus-ungarn.de/password_double_opt.php">
						Passwort vergessen?
					</a>
				</div>
			</form>
		</div>
	</div>
</div>
			

<div id="infobox" style="display:none;">
	<div class="infobox_container png-fix">
		<div class="infobox_content">
											
		</div>
	</div>
</div>
			
			
			
		</div>

		
		<script type="text/javascript" src="gm_javascript.js.php?page=Index&amp;current_template=EyeCandy"></script><script type="text/javascript">
// Set to the same value as the web property used on the site
var gaProperty = 'UA-30215686-1';

// Disable tracking if the opt-out cookie exists.
var disableStr = 'ga-disable-' + gaProperty;
if (document.cookie.indexOf(disableStr + '=true') > -1) {
  window[disableStr] = true;
}

// Opt-out function
function gaOptout() {
  document.cookie = disableStr + '=true; expires=Thu, 31 Dec 2099 23:59:59 UTC; path=/';
  window[disableStr] = true;
}
</script>

<script type="text/javascript">
  (function(i,s,o,g,r,a,m){i['GoogleAnalyticsObject']=r;i[r]=i[r]||function(){
  (i[r].q=i[r].q||[]).push(arguments)},i[r].l=1*new Date();a=s.createElement(o),
  m=s.getElementsByTagName(o)[0];a.async=1;a.src=g;m.parentNode.insertBefore(a,m)
  })(window,document,'script','//www.google-analytics.com/analytics.js','ga');

  ga('create', 'UA-30215686-1', 'auto');
  ga('set', 'anonymizeIp', true);
  ga('send', 'pageview');
</script><script async="" type="text/javascript" src="/gm/javascript/GMCounter.js"></script><script type="text/javascript">
  (function () { 
    var _tsid = 'XC1476481E07310B9FE984CAC95508FED'; 
    _tsConfig = { 
      'yOffset': '0', /* offset from page bottom */
      'variant': 'reviews', /* default, reviews, custom, custom_reviews */
      'customElementId': '', /* required for variants custom and custom_reviews */
      'trustcardDirection': '', /* for custom variants: topRight, topLeft, bottomRight, bottomLeft */
      'customBadgeWidth': '', /* for custom variants: 40 - 90 (in pixels) */
      'customBadgeHeight': '', /* for custom variants: 40 - 90 (in pixels) */
      'disableResponsive': 'false', /* deactivate responsive behaviour */
      'disableTrustbadge': 'false' /* deactivate trustbadge */
    };
    var _ts = document.createElement('script');
    _ts.type = 'text/javascript'; 
    _ts.charset = 'utf-8'; 
    _ts.async = true; 
    _ts.src = '//widgets.trustedshops.com/js/' + _tsid + '.js'; 
    var __ts = document.getElementsByTagName('script')[0];
    __ts.parentNode.insertBefore(_ts, __ts);
  })();
</script>
		
				
	

<div id="tsbadge4_db8d3657bdbe440c985ae127463eaad4" data-shopname="feinkost-aus-ungarn.de" style="display: block; cursor: pointer; bottom: 0px;"><div id="BadgeContainer_db8d3657bdbe440c985ae127463eaad4" class="" data-tb-element="trustbadge_minimised_container"><div id="MenuDotsBadge_db8d3657bdbe440c985ae127463eaad4" class="menu-button_db8d3657bdbe440c985ae127463eaad4 menu-button_db8d3657bdbe440c985ae127463eaad4--badge menu-button_db8d3657bdbe440c985ae127463eaad4--left" data-menu="MenuWrapperBadge_db8d3657bdbe440c985ae127463eaad4"><a href="javascript:void(null);" class="menu-button_db8d3657bdbe440c985ae127463eaad4__link"><div class="circle_db8d3657bdbe440c985ae127463eaad4 menu-button_db8d3657bdbe440c985ae127463eaad4__circle"></div><div class="circle_db8d3657bdbe440c985ae127463eaad4 menu-button_db8d3657bdbe440c985ae127463eaad4__circle"></div><div class="circle_db8d3657bdbe440c985ae127463eaad4 menu-button_db8d3657bdbe440c985ae127463eaad4__circle"></div></a></div><div class="menu_db8d3657bdbe440c985ae127463eaad4" id="MenuWrapperBadge_db8d3657bdbe440c985ae127463eaad4" style="visibility: hidden"><div class="menu_db8d3657bdbe440c985ae127463eaad4__container "><a href="https://www.trustedshops.de/bewertung/info_XC1476481E07310B9FE984CAC95508FED.html?utm_source=shop&amp;utm_medium=link&amp;utm_content=menu_all_reviews__reviews_only&amp;utm_campaign=trustbadge_minimised" class="menu_db8d3657bdbe440c985ae127463eaad4__link trustbadgeMenuExternalLink_db8d3657bdbe440c985ae127463eaad4" target="_blank">Alle Bewertungen</a><a href="//www.trustedshops.de/impressum?utm_content=menu_imprint__reviews_only&amp;utm_campaign=trustbadge_minimised" target="_blank" class="menu_db8d3657bdbe440c985ae127463eaad4__link trustbadgeMenuExternalLink_db8d3657bdbe440c985ae127463eaad4"> Impressum</a><a href="//www.trustedshops.de/impressum?utm_content=menu_dataprotection__reviews_only&amp;utm_campaign=trustbadge_minimised" class="menu_db8d3657bdbe440c985ae127463eaad4__link trustbadgeMenuExternalLink_db8d3657bdbe440c985ae127463eaad4" target="_blank"> Datenschutz</a><div class="menu_db8d3657bdbe440c985ae127463eaad4__dash"></div><a href="javascript:void(null);" id="MaximizeBadgeLink_db8d3657bdbe440c985ae127463eaad4" class="menu_db8d3657bdbe440c985ae127463eaad4__link menu_db8d3657bdbe440c985ae127463eaad4__link--icon" data-tb-element="trustbadge_minimised_menu_maximise"><span>+</span>Maximieren</a><a href="javascript:void(null);" id="RemoveTrustbadgeLink_db8d3657bdbe440c985ae127463eaad4" class="menu_db8d3657bdbe440c985ae127463eaad4__link menu_db8d3657bdbe440c985ae127463eaad4__link--icon" data-tb-element="trustbadge_minimised_menu_remove"><span>×</span>Schließen</a></div><div class="menu_db8d3657bdbe440c985ae127463eaad4__triangle"></div></div><div id="BadgeContent_db8d3657bdbe440c985ae127463eaad4" class="badge-content_db8d3657bdbe440c985ae127463eaad4 badge-content_db8d3657bdbe440c985ae127463eaad4--menu-left"><div class="trustbadge_db8d3657bdbe440c985ae127463eaad4__top trustbadge_db8d3657bdbe440c985ae127463eaad4__top--no-content"></div><div id="ReviewsContainerBadge_db8d3657bdbe440c985ae127463eaad4" data-tb-element="trustbadge_minimised_reviews"><div class="ts-stars-wrapper"><div class="ts-stars-emptyBar" style="width:100%;"><i class="icon_db8d3657bdbe440c985ae127463eaad4-star-empty"></i><i class="icon_db8d3657bdbe440c985ae127463eaad4-star-empty"></i><i class="icon_db8d3657bdbe440c985ae127463eaad4-star-empty"></i><i class="icon_db8d3657bdbe440c985ae127463eaad4-star-empty"></i><i class="icon_db8d3657bdbe440c985ae127463eaad4-star-empty"></i></div><div class="ts-stars-fullBar" style="width:97.8%;"><i class="icon_db8d3657bdbe440c985ae127463eaad4-star-full"></i><i class="icon_db8d3657bdbe440c985ae127463eaad4-star-full"></i><i class="icon_db8d3657bdbe440c985ae127463eaad4-star-full"></i><i class="icon_db8d3657bdbe440c985ae127463eaad4-star-full"></i><i class="icon_db8d3657bdbe440c985ae127463eaad4-star-full"></i></div></div><div id="MarkInWordsBadge_db8d3657bdbe440c985ae127463eaad4">Sehr gut</div><div id="MarkBadge_db8d3657bdbe440c985ae127463eaad4">4.89/5.00</div></div></div><div id="BadgeFooter_db8d3657bdbe440c985ae127463eaad4" class="trustbadge-footer_db8d3657bdbe440c985ae127463eaad4 trustbadge-footer_db8d3657bdbe440c985ae127463eaad4__certified"><div id="TriangleBadge_db8d3657bdbe440c985ae127463eaad4" class="trustbadge-footer_db8d3657bdbe440c985ae127463eaad4__triangle"></div><div id="BottomSlantBadge_db8d3657bdbe440c985ae127463eaad4" class="trustbadge-footer_db8d3657bdbe440c985ae127463eaad4__bottom-slant-container"><svg width="100%" height="20" viewBox="0 0 10 5" preserveAspectRatio="none" class="trustbadge-footer_db8d3657bdbe440c985ae127463eaad4__bottom-slant"><polygon fill="#ffffff" stroke-width="0" points="0,1.5 0,0 10,0 16,0 "></polygon></svg></div><div class="trustbadge-footer_db8d3657bdbe440c985ae127463eaad4__container trustbadge-footer_db8d3657bdbe440c985ae127463eaad4__container--authentic-reviews"><div class="ts-col_db8d3657bdbe440c985ae127463eaad4"><div class="trustbadge-footer_db8d3657bdbe440c985ae127463eaad4__sub-text trustbadge-footer_db8d3657bdbe440c985ae127463eaad4__sub-text--authentic-reviews">Kunden-bewertungen</div></div><div class="ts-col_db8d3657bdbe440c985ae127463eaad4"><div class="trustbadge-footer_db8d3657bdbe440c985ae127463eaad4__logo"><span class="icon_db8d3657bdbe440c985ae127463eaad4 icon_db8d3657bdbe440c985ae127463eaad4-e-logo trustbadge-footer_db8d3657bdbe440c985ae127463eaad4__logo-icon"></span></div></div></div></div></div></div><div id="tscard4_db8d3657bdbe440c985ae127463eaad4" style="display: none; bottom: 0px;"><div id="Container_db8d3657bdbe440c985ae127463eaad4" class="tscard__container_db8d3657bdbe440c985ae127463eaad4"><div id="TopSlant_db8d3657bdbe440c985ae127463eaad4"><svg id="svgTop_db8d3657bdbe440c985ae127463eaad4" width="100%" height="20" viewBox="0 0 10 5" preserveAspectRatio="none"><polygon fill="#fff" stroke-width="0" points="0,10 0,5 0,5 25,0"></polygon></svg></div><div id="MenuDotsCard_db8d3657bdbe440c985ae127463eaad4" class="menu-button_db8d3657bdbe440c985ae127463eaad4 menu-button_db8d3657bdbe440c985ae127463eaad4--card " data-menu="MenuContainerMain_db8d3657bdbe440c985ae127463eaad4"><a href="javascript:void(null);" class="menu-button_db8d3657bdbe440c985ae127463eaad4__link"><div class="circle_db8d3657bdbe440c985ae127463eaad4 menu-button_db8d3657bdbe440c985ae127463eaad4__circle"></div><div class="circle_db8d3657bdbe440c985ae127463eaad4 menu-button_db8d3657bdbe440c985ae127463eaad4__circle"></div><div class="circle_db8d3657bdbe440c985ae127463eaad4 menu-button_db8d3657bdbe440c985ae127463eaad4__circle"></div></a></div><div class="menu_db8d3657bdbe440c985ae127463eaad4" id="MenuContainerMain_db8d3657bdbe440c985ae127463eaad4" style="visibility: hidden"><div class="menu_db8d3657bdbe440c985ae127463eaad4__container "><a href="https://www.trustedshops.de/bewertung/info_XC1476481E07310B9FE984CAC95508FED.html?utm_source=shop&amp;utm_medium=link&amp;utm_content=menu_all_reviews__reviews_only&amp;utm_campaign=trustbadge_maximised" class="menu_db8d3657bdbe440c985ae127463eaad4__link trustbadgeMenuExternalLink_db8d3657bdbe440c985ae127463eaad4" target="_blank">Alle Bewertungen</a><a href="//www.trustedshops.de/impressum?utm_content=menu_all_imprint__reviews_only&amp;utm_campaign=trustbadge_maximised" class="menu_db8d3657bdbe440c985ae127463eaad4__link trustbadgeMenuExternalLink_db8d3657bdbe440c985ae127463eaad4" target="_blank"> Impressum</a><a href="//www.trustedshops.de/impressum?utm_content=menu_all_dataprotection__reviews_only&amp;utm_campaign=trustbadge_maximised" class="menu_db8d3657bdbe440c985ae127463eaad4__link trustbadgeMenuExternalLink_db8d3657bdbe440c985ae127463eaad4" target="_blank"> Datenschutz</a><div class="menu_db8d3657bdbe440c985ae127463eaad4__dash"></div><a href="javascript:void(null);" id="MinimizeCardLink_db8d3657bdbe440c985ae127463eaad4" class="menu_db8d3657bdbe440c985ae127463eaad4__link menu_db8d3657bdbe440c985ae127463eaad4__link--icon"><span>–</span>Minimieren</a></div><div class="menu_db8d3657bdbe440c985ae127463eaad4__triangle"></div></div><div id="Content_db8d3657bdbe440c985ae127463eaad4" class="content_db8d3657bdbe440c985ae127463eaad4 content_db8d3657bdbe440c985ae127463eaad4--trustbadge"><div id="ShopName_db8d3657bdbe440c985ae127463eaad4" title="feinkost-aus-ungarn.de">feinkost-aus-ungarn.de</div><div id="TrustmarkProtectionInfoLayer_db8d3657bdbe440c985ae127463eaad4" style="display:none;"><i class="icon_db8d3657bdbe440c985ae127463eaad4-shield"></i><div id="CloseTrustmarkInfoLayerButton_db8d3657bdbe440c985ae127463eaad4" class="closeIcon_db8d3657bdbe440c985ae127463eaad4">×</div><div class="headline_db8d3657bdbe440c985ae127463eaad4">Käuferschutz</div><span>In jedem Shop mit dem Trusted Shops Gütesiegel kaufen Sie sicher ein – nicht zuletzt dank unserer Geld-zurück-Garantie. Direkt nach der Bestellung können Sie mit nur einem Klick den aktuellen Einkauf, sowie automatisch alle zukünftigen Einkäufe in Shops mit dem Trusted Shops Gütesiegel, mit bis zu 100,- € kostenlos absichern lassen. Die Absicherungsdauer pro Einkauf beträgt 30 Tage.</span><br><br><p>Es gelten <a href="http://www.trustedshops.de/tsdocument/PROTECTION_TERMS_COMPLETE_de.pdf" target="_blank">die Mitgliedschafts- und Käuferschutzbedingungen</a>.</p></div><div class="table_db8d3657bdbe440c985ae127463eaad4"><div style="display:none;" id="ReviewsInfoLayer_db8d3657bdbe440c985ae127463eaad4" class="tableRow_db8d3657bdbe440c985ae127463eaad4 reviews-info-layer_db8d3657bdbe440c985ae127463eaad4 reviews-info-layer_db8d3657bdbe440c985ae127463eaad4--half"><div id="CloseReviewsInfoLayerButton_db8d3657bdbe440c985ae127463eaad4" class="closeIcon_db8d3657bdbe440c985ae127463eaad4">×</div><div class="tableCell_db8d3657bdbe440c985ae127463eaad4"><i class="icon_db8d3657bdbe440c985ae127463eaad4-comments-o"></i><p class="headline_db8d3657bdbe440c985ae127463eaad4">Kundenbewertungen</p><p class="reviews-info-layer_db8d3657bdbe440c985ae127463eaad4__description">Die Note „Sehr gut“ berechnet sich aus den 93 Trusted Shops Bewertungen der letzten 12 Monate, die im <a href="https://www.trustedshops.de/bewertung/info_XC1476481E07310B9FE984CAC95508FED.html&amp;utm_source=shop&amp;utm_medium=link&amp;utm_content=ReviewsInfoLayer__reviews_only&amp;utm_campaign=trustbadge_maximised" target="_blank">Bewertungsprofil</a> eingesehen werden können.</p></div></div><div id="ReviewsRow_db8d3657bdbe440c985ae127463eaad4" class="tableRow_db8d3657bdbe440c985ae127463eaad4"><div id="ReviewsCellNo1_db8d3657bdbe440c985ae127463eaad4" class=" tableCell_db8d3657bdbe440c985ae127463eaad4 width50_db8d3657bdbe440c985ae127463eaad4   borderRight_db8d3657bdbe440c985ae127463eaad4 hover_db8d3657bdbe440c985ae127463eaad4 "><a href="javascript:void(null);" id="ReviewsLayerLink_db8d3657bdbe440c985ae127463eaad4" class="blockLink_db8d3657bdbe440c985ae127463eaad4"><div id="ReviewsBubbleImage_db8d3657bdbe440c985ae127463eaad4"><i class="icon_db8d3657bdbe440c985ae127463eaad4-comments-o"></i></div><div id="ReviewsRatingCount_db8d3657bdbe440c985ae127463eaad4"><span class="counter_db8d3657bdbe440c985ae127463eaad4">93</span><span id="commentText_db8d3657bdbe440c985ae127463eaad4">Kundenbewertungen</span></div></a></div><div id="ReviewsCellNo2_db8d3657bdbe440c985ae127463eaad4" class="tableCell_db8d3657bdbe440c985ae127463eaad4 width50_db8d3657bdbe440c985ae127463eaad4 "><a href="https://www.trustedshops.de/bewertung/info_XC1476481E07310B9FE984CAC95508FED.html?utm_source=shop&amp;utm_medium=link&amp;utm_content=ReviewsCellNo2__reviews_only&amp;utm_campaign=trustbadge_maximised" id="" class="blockLink_db8d3657bdbe440c985ae127463eaad4" target="_blank"><div id="Stars_db8d3657bdbe440c985ae127463eaad4"><div class="ts-stars-wrapper"><div class="ts-stars-emptyBar" style="width:100%;"><i class="icon_db8d3657bdbe440c985ae127463eaad4-star-empty"></i><i class="icon_db8d3657bdbe440c985ae127463eaad4-star-empty"></i><i class="icon_db8d3657bdbe440c985ae127463eaad4-star-empty"></i><i class="icon_db8d3657bdbe440c985ae127463eaad4-star-empty"></i><i class="icon_db8d3657bdbe440c985ae127463eaad4-star-empty"></i></div><div class="ts-stars-fullBar" style="width:97.8%;"><i class="icon_db8d3657bdbe440c985ae127463eaad4-star-full"></i><i class="icon_db8d3657bdbe440c985ae127463eaad4-star-full"></i><i class="icon_db8d3657bdbe440c985ae127463eaad4-star-full"></i><i class="icon_db8d3657bdbe440c985ae127463eaad4-star-full"></i><i class="icon_db8d3657bdbe440c985ae127463eaad4-star-full"></i></div></div></div><div id="MarkInWords_db8d3657bdbe440c985ae127463eaad4" class="largeFontSize_db8d3657bdbe440c985ae127463eaad4">Sehr gut</div><div id="Mark_db8d3657bdbe440c985ae127463eaad4">4.89/5.00</div></a></div></div></div><div id="ReviewComments_db8d3657bdbe440c985ae127463eaad4"><div class="reviewContainer_db8d3657bdbe440c985ae127463eaad4"><div class="avatar_db8d3657bdbe440c985ae127463eaad4"><i class="icon_db8d3657bdbe440c985ae127463eaad4 icon-ts-avatar_db8d3657bdbe440c985ae127463eaad4"></i></div><div class="reviewContent_db8d3657bdbe440c985ae127463eaad4"><div class="header_db8d3657bdbe440c985ae127463eaad4"><div class="left_db8d3657bdbe440c985ae127463eaad4"><div class="name_db8d3657bdbe440c985ae127463eaad4">Hellmut v</div><div class="stars_db8d3657bdbe440c985ae127463eaad4"><div class="ts-stars-wrapper"><div class="ts-stars-emptyBar" style="width:100%;"><i class="icon_db8d3657bdbe440c985ae127463eaad4-star-empty"></i><i class="icon_db8d3657bdbe440c985ae127463eaad4-star-empty"></i><i class="icon_db8d3657bdbe440c985ae127463eaad4-star-empty"></i><i class="icon_db8d3657bdbe440c985ae127463eaad4-star-empty"></i><i class="icon_db8d3657bdbe440c985ae127463eaad4-star-empty"></i></div><div class="ts-stars-fullBar" style="width:100%;"><i class="icon_db8d3657bdbe440c985ae127463eaad4-star-full"></i><i class="icon_db8d3657bdbe440c985ae127463eaad4-star-full"></i><i class="icon_db8d3657bdbe440c985ae127463eaad4-star-full"></i><i class="icon_db8d3657bdbe440c985ae127463eaad4-star-full"></i><i class="icon_db8d3657bdbe440c985ae127463eaad4-star-full"></i></div></div></div></div><div class="right_db8d3657bdbe440c985ae127463eaad4"><div class="date_db8d3657bdbe440c985ae127463eaad4">23.06.2017</div></div><div class="clear_db8d3657bdbe440c985ae127463eaad4"></div></div><div class="reviewText_db8d3657bdbe440c985ae127463eaad4">Sehr gute Qualität der Produkte und schnelle Lieferung</div></div><div class="clear_db8d3657bdbe440c985ae127463eaad4"></div></div><div class="reviewContainer_db8d3657bdbe440c985ae127463eaad4"><div class="avatar_db8d3657bdbe440c985ae127463eaad4"><i class="icon_db8d3657bdbe440c985ae127463eaad4 icon-ts-avatar_db8d3657bdbe440c985ae127463eaad4"></i></div><div class="reviewContent_db8d3657bdbe440c985ae127463eaad4"><div class="header_db8d3657bdbe440c985ae127463eaad4"><div class="left_db8d3657bdbe440c985ae127463eaad4"><div class="name_db8d3657bdbe440c985ae127463eaad4">Hanna S</div><div class="stars_db8d3657bdbe440c985ae127463eaad4"><div class="ts-stars-wrapper"><div class="ts-stars-emptyBar" style="width:100%;"><i class="icon_db8d3657bdbe440c985ae127463eaad4-star-empty"></i><i class="icon_db8d3657bdbe440c985ae127463eaad4-star-empty"></i><i class="icon_db8d3657bdbe440c985ae127463eaad4-star-empty"></i><i class="icon_db8d3657bdbe440c985ae127463eaad4-star-empty"></i><i class="icon_db8d3657bdbe440c985ae127463eaad4-star-empty"></i></div><div class="ts-stars-fullBar" style="width:100%;"><i class="icon_db8d3657bdbe440c985ae127463eaad4-star-full"></i><i class="icon_db8d3657bdbe440c985ae127463eaad4-star-full"></i><i class="icon_db8d3657bdbe440c985ae127463eaad4-star-full"></i><i class="icon_db8d3657bdbe440c985ae127463eaad4-star-full"></i><i class="icon_db8d3657bdbe440c985ae127463eaad4-star-full"></i></div></div></div></div><div class="right_db8d3657bdbe440c985ae127463eaad4"><div class="date_db8d3657bdbe440c985ae127463eaad4">21.06.2017</div></div><div class="clear_db8d3657bdbe440c985ae127463eaad4"></div></div><div class="reviewText_db8d3657bdbe440c985ae127463eaad4">Schnelle Lieferung, beste Ware. Sehr zufrieden</div></div><div class="clear_db8d3657bdbe440c985ae127463eaad4"></div></div><div class="reviewContainer_db8d3657bdbe440c985ae127463eaad4"><div class="avatar_db8d3657bdbe440c985ae127463eaad4"><i class="icon_db8d3657bdbe440c985ae127463eaad4 icon-ts-avatar_db8d3657bdbe440c985ae127463eaad4"></i></div><div class="reviewContent_db8d3657bdbe440c985ae127463eaad4"><div class="header_db8d3657bdbe440c985ae127463eaad4"><div class="left_db8d3657bdbe440c985ae127463eaad4"><div class="name_db8d3657bdbe440c985ae127463eaad4">Rudolf G</div><div class="stars_db8d3657bdbe440c985ae127463eaad4"><div class="ts-stars-wrapper"><div class="ts-stars-emptyBar" style="width:100%;"><i class="icon_db8d3657bdbe440c985ae127463eaad4-star-empty"></i><i class="icon_db8d3657bdbe440c985ae127463eaad4-star-empty"></i><i class="icon_db8d3657bdbe440c985ae127463eaad4-star-empty"></i><i class="icon_db8d3657bdbe440c985ae127463eaad4-star-empty"></i><i class="icon_db8d3657bdbe440c985ae127463eaad4-star-empty"></i></div><div class="ts-stars-fullBar" style="width:100%;"><i class="icon_db8d3657bdbe440c985ae127463eaad4-star-full"></i><i class="icon_db8d3657bdbe440c985ae127463eaad4-star-full"></i><i class="icon_db8d3657bdbe440c985ae127463eaad4-star-full"></i><i class="icon_db8d3657bdbe440c985ae127463eaad4-star-full"></i><i class="icon_db8d3657bdbe440c985ae127463eaad4-star-full"></i></div></div></div></div><div class="right_db8d3657bdbe440c985ae127463eaad4"><div class="date_db8d3657bdbe440c985ae127463eaad4">10.08.2017</div></div><div class="clear_db8d3657bdbe440c985ae127463eaad4"></div></div><div class="reviewText_db8d3657bdbe440c985ae127463eaad4">Heute bestellt - morgen geliefert - top  Perfekt eingepackt - danke.</div></div><div class="clear_db8d3657bdbe440c985ae127463eaad4"></div></div><div id="ReviewSlideControls_db8d3657bdbe440c985ae127463eaad4" style="display:none;"><div><a class="control_db8d3657bdbe440c985ae127463eaad4" href="javascript:void(null);"></a><a class="control_db8d3657bdbe440c985ae127463eaad4" href="javascript:void(null);"></a><a class="control_db8d3657bdbe440c985ae127463eaad4" href="javascript:void(null);"></a></div></div></div></div><div class="clear_db8d3657bdbe440c985ae127463eaad4"></div><svg id="svgBottom_db8d3657bdbe440c985ae127463eaad4" width="100%" height="10" viewBox="0 0 9.9 5" preserveAspectRatio="none"><polygon fill="#FFDC0F" stroke-width="0" points="0,5 10,10 10,0 10,0"></polygon></svg><div id="Triangle_db8d3657bdbe440c985ae127463eaad4"></div><div id="TrustedShopsLogo_db8d3657bdbe440c985ae127463eaad4"><i class="icon_db8d3657bdbe440c985ae127463eaad4-e-trustedshops"></i></div><div id="Footer_db8d3657bdbe440c985ae127463eaad4"></div><div class="rotate-screen_db8d3657bdbe440c985ae127463eaad4  rotate-screen_db8d3657bdbe440c985ae127463eaad4--reviews-only "></div></div></div></body></html>