<!DOCTYPE html><html xmlns="http://www.w3.org/1999/xhtml" dir="ltr" lang="de"><head>
		

		<!--

		=========================================================
		Shopsoftware by Gambio GmbH (c) 2005-2016 [www.gambio.de]
		=========================================================

		Gambio GmbH offers you highly scalable E-Commerce-Solutions and Services.
		The Shopsoftware is redistributable under the GNU General Public License (Version 2) [http://www.gnu.org/licenses/gpl-2.0.html].
		based on: E-Commerce Engine Copyright (c) 2006 xt:Commerce, created by Mario Zanier & Guido Winger and licensed under GNU/GPL.
		Information and contribution at http://www.xt-commerce.com

		=========================================================
		Please visit our website: www.gambio.de
		=========================================================

		-->

		<meta name="viewport" content="width=device-width, initial-scale=1, minimum-scale=1.0, maximum-scale=1.0, user-scalable=no">
		<meta http-equiv="X-UA-Compatible" content="IE=edge">
		<meta http-equiv="Content-Type" content="text/html; charset=utf-8">
		<meta http-equiv="Content-Style-Type" content="text/css">
		<meta name="language" content="de">
		<meta name="date" content="">
		<title>www.hs-dampfer.de - HS-Dampfer</title>
		<meta name="keywords" content="Dampfen, E-Zigarette">
		<meta name="description" content="HS-Dampfer - Ihr Händler für Liquids, E-Zigaretten und Zubehör in Recklinghausen.">


<script type="text/javascript" charset="utf-8" async="" src="//widgets.trustedshops.com/js/X426A3D511E63E8056FEC39016BEE4297.js"></script>

		
		<script type="text/javascript" charset="utf-8" async="" data-requirecontext="_" data-requiremodule="http://www.hs-dampfer.de/templates/Honeygrid/assets/javascript/engine/widgets/input_number.min.js" src="http://www.hs-dampfer.de/templates/Honeygrid/assets/javascript/engine/widgets/input_number.min.js?bust=1faf891a6410014aa829760a048d7794"></script><script type="text/javascript" charset="utf-8" async="" data-requirecontext="_" data-requiremodule="http://www.hs-dampfer.de/templates/Honeygrid/assets/javascript/engine/widgets/responsive_image_loader.min.js" src="http://www.hs-dampfer.de/templates/Honeygrid/assets/javascript/engine/widgets/responsive_image_loader.min.js?bust=1faf891a6410014aa829760a048d7794"></script><script type="text/javascript" charset="utf-8" async="" data-requirecontext="_" data-requiremodule="http://www.hs-dampfer.de/templates/Honeygrid/assets/javascript/engine/widgets/transitions.min.js" src="http://www.hs-dampfer.de/templates/Honeygrid/assets/javascript/engine/widgets/transitions.min.js?bust=1faf891a6410014aa829760a048d7794"></script><script type="text/javascript" charset="utf-8" async="" data-requirecontext="_" data-requiremodule="http://www.hs-dampfer.de/templates/Honeygrid/assets/javascript/engine/widgets/header.min.js" src="http://www.hs-dampfer.de/templates/Honeygrid/assets/javascript/engine/widgets/header.min.js?bust=1faf891a6410014aa829760a048d7794"></script><script type="text/javascript" charset="utf-8" async="" data-requirecontext="_" data-requiremodule="http://www.hs-dampfer.de/templates/Honeygrid/assets/javascript/engine/widgets/image_maps.min.js" src="http://www.hs-dampfer.de/templates/Honeygrid/assets/javascript/engine/widgets/image_maps.min.js?bust=1faf891a6410014aa829760a048d7794"></script><script type="text/javascript" charset="utf-8" async="" data-requirecontext="_" data-requiremodule="http://www.hs-dampfer.de/templates/Honeygrid/assets/javascript/engine/widgets/modal.min.js" src="http://www.hs-dampfer.de/templates/Honeygrid/assets/javascript/engine/widgets/modal.min.js?bust=1faf891a6410014aa829760a048d7794"></script><script type="text/javascript" charset="utf-8" async="" data-requirecontext="_" data-requiremodule="http://www.hs-dampfer.de/templates/Honeygrid/assets/javascript/engine/widgets/history.min.js" src="http://www.hs-dampfer.de/templates/Honeygrid/assets/javascript/engine/widgets/history.min.js?bust=1faf891a6410014aa829760a048d7794"></script><script type="text/javascript" charset="utf-8" async="" data-requirecontext="_" data-requiremodule="http://www.hs-dampfer.de/templates/Honeygrid/assets/javascript/engine/widgets/dropdown.min.js" src="http://www.hs-dampfer.de/templates/Honeygrid/assets/javascript/engine/widgets/dropdown.min.js?bust=1faf891a6410014aa829760a048d7794"></script><script type="text/javascript" charset="utf-8" async="" data-requirecontext="_" data-requiremodule="http://www.hs-dampfer.de/templates/Honeygrid/assets/javascript/engine/widgets/core_workarounds.min.js" src="http://www.hs-dampfer.de/templates/Honeygrid/assets/javascript/engine/widgets/core_workarounds.min.js?bust=1faf891a6410014aa829760a048d7794"></script><script type="text/javascript" charset="utf-8" async="" data-requirecontext="_" data-requiremodule="http://www.hs-dampfer.de/templates/Honeygrid/assets/javascript/engine/widgets/anchor.min.js" src="http://www.hs-dampfer.de/templates/Honeygrid/assets/javascript/engine/widgets/anchor.min.js?bust=1faf891a6410014aa829760a048d7794"></script><script type="text/javascript" charset="utf-8" async="" data-requirecontext="_" data-requiremodule="http://www.hs-dampfer.de/templates/Honeygrid/assets/javascript/engine/widgets/menu.min.js" src="http://www.hs-dampfer.de/templates/Honeygrid/assets/javascript/engine/widgets/menu.min.js?bust=1faf891a6410014aa829760a048d7794"></script><script type="text/javascript" charset="utf-8" async="" data-requirecontext="_" data-requiremodule="http://www.hs-dampfer.de/templates/Honeygrid/assets/javascript/engine/widgets/link_crypter.min.js" src="http://www.hs-dampfer.de/templates/Honeygrid/assets/javascript/engine/widgets/link_crypter.min.js?bust=1faf891a6410014aa829760a048d7794"></script><script type="text/javascript" charset="utf-8" async="" data-requirecontext="_" data-requiremodule="http://www.hs-dampfer.de/templates/Honeygrid/assets/javascript/engine/widgets/mobile_menu.min.js" src="http://www.hs-dampfer.de/templates/Honeygrid/assets/javascript/engine/widgets/mobile_menu.min.js?bust=1faf891a6410014aa829760a048d7794"></script><script type="text/javascript" charset="utf-8" async="" data-requirecontext="_" data-requiremodule="http://www.hs-dampfer.de/templates/Honeygrid/assets/javascript/engine/widgets/live_search.min.js" src="http://www.hs-dampfer.de/templates/Honeygrid/assets/javascript/engine/widgets/live_search.min.js?bust=1faf891a6410014aa829760a048d7794"></script><script type="text/javascript" charset="utf-8" async="" data-requirecontext="_" data-requiremodule="http://www.hs-dampfer.de/templates/Honeygrid/assets/javascript/engine/widgets/cart_dropdown.min.js" src="http://www.hs-dampfer.de/templates/Honeygrid/assets/javascript/engine/widgets/cart_dropdown.min.js?bust=1faf891a6410014aa829760a048d7794"></script><script type="text/javascript" charset="utf-8" async="" data-requirecontext="_" data-requiremodule="http://www.hs-dampfer.de/templates/Honeygrid/assets/javascript/engine/widgets/slider_flyover.min.js" src="http://www.hs-dampfer.de/templates/Honeygrid/assets/javascript/engine/widgets/slider_flyover.min.js?bust=1faf891a6410014aa829760a048d7794"></script><script type="text/javascript" charset="utf-8" async="" data-requirecontext="_" data-requiremodule="http://www.hs-dampfer.de/templates/Honeygrid/assets/javascript/engine/widgets/slider_size.min.js" src="http://www.hs-dampfer.de/templates/Honeygrid/assets/javascript/engine/widgets/slider_size.min.js?bust=1faf891a6410014aa829760a048d7794"></script><script type="text/javascript" charset="utf-8" async="" data-requirecontext="_" data-requiremodule="http://www.hs-dampfer.de/templates/Honeygrid/assets/javascript/engine/widgets/swiper.min.js" src="http://www.hs-dampfer.de/templates/Honeygrid/assets/javascript/engine/widgets/swiper.min.js?bust=1faf891a6410014aa829760a048d7794"></script><script type="text/javascript" charset="utf-8" async="" data-requirecontext="_" data-requiremodule="http://www.hs-dampfer.de/templates/Honeygrid/assets/javascript/engine/widgets/product_hover.min.js" src="http://www.hs-dampfer.de/templates/Honeygrid/assets/javascript/engine/widgets/product_hover.min.js?bust=1faf891a6410014aa829760a048d7794"></script><script type="text/javascript" charset="utf-8" async="" data-requirecontext="_" data-requiremodule="http://www.hs-dampfer.de/templates/Honeygrid/assets/javascript/engine/widgets/pageup.min.js" src="http://www.hs-dampfer.de/templates/Honeygrid/assets/javascript/engine/widgets/pageup.min.js?bust=1faf891a6410014aa829760a048d7794"></script><base href="http://www.hs-dampfer.de/">

					<link rel="shortcut icon" href="http://www.hs-dampfer.de/images/logos/favicon.ico" type="image/x-icon">
		
					<link rel="apple-touch-icon" href="http://www.hs-dampfer.de/images/logos/favicon.png">
		
		<link id="main-css" type="text/css" rel="stylesheet" href="templates/Honeygrid/gm_dynamic.css.php?current_template=Honeygrid&amp;http_caching=true&amp;gzip=true&amp;gzip_level=9&amp;ob_gzhandler=false">

		<!--[if lt IE 9]>
		<link type="text/css" rel="stylesheet" href="templates/Honeygrid/styles/ie8.css" />
		<![endif]-->

		
		
			<link rel="stylesheet" type="text/css" href="http://widgets.trustedshops.com/reviews/tsSticker/css/light.theme.css" id="tsStickerTheme"><link type="text/css" rel="stylesheet" href="http://widgets.trustedshops.com//css/style.css?version=2017-07-20-WEB&amp;tsId=X426A3D511E63E8056FEC39016BEE4297&amp;sourceUrl=&amp;yOffset=0&amp;variant=default&amp;customElementId=&amp;trustcardDirection=topRight&amp;customBadgeWidth=90&amp;customBadgeHeight=90&amp;disableResponsive=false&amp;disableTrustbadge=false&amp;customCheckoutElementId=&amp;channel=" class="trustbadgeStyleSheet" id="trustbadgeStyleSheetstyle"><link type="text/css" rel="stylesheet" href="//widgets.trustedshops.com//css/tbAuthenticReviews.css?version=2017-07-20-WEB&amp;tsId=X426A3D511E63E8056FEC39016BEE4297" class="trustbadgeStyleSheet" id="trustbadgeStyleSheettbAuthenticReviews"></head>
	<body class="page-index"><div id="tsbadgeResponsiveTop_db8d3657bdbe440c985ae127463eaad4" class="" style="display: none;"><div class="responsiveBadge_db8d3657bdbe440c985ae127463eaad4 responsive-badge_db8d3657bdbe440c985ae127463eaad4 responsive-badge_db8d3657bdbe440c985ae127463eaad4--authentic-reviews "><div class="responsive-badge_db8d3657bdbe440c985ae127463eaad4__review-block responsive-badge_db8d3657bdbe440c985ae127463eaad4__review-block--authentic-reviews responsive-badge_db8d3657bdbe440c985ae127463eaad4__review-block--reviews-only"><div class="responsiveBadgeBlockStars_db8d3657bdbe440c985ae127463eaad4 responsive-badge_db8d3657bdbe440c985ae127463eaad4__block-stars"><div class="responsiveBadgeBlockStarsStars_db8d3657bdbe440c985ae127463eaad4 responsiveBadgeBlockStarsStars_db8d3657bdbe440c985ae127463eaad4--authentic-reviews"><div class="ts-stars-wrapper"><div class="ts-stars-emptyBar" style="width:100%;"><i class="icon_db8d3657bdbe440c985ae127463eaad4-star-empty"></i><i class="icon_db8d3657bdbe440c985ae127463eaad4-star-empty"></i><i class="icon_db8d3657bdbe440c985ae127463eaad4-star-empty"></i><i class="icon_db8d3657bdbe440c985ae127463eaad4-star-empty"></i><i class="icon_db8d3657bdbe440c985ae127463eaad4-star-empty"></i></div><div class="ts-stars-fullBar" style="width:97%;"><i class="icon_db8d3657bdbe440c985ae127463eaad4-star-full"></i><i class="icon_db8d3657bdbe440c985ae127463eaad4-star-full"></i><i class="icon_db8d3657bdbe440c985ae127463eaad4-star-full"></i><i class="icon_db8d3657bdbe440c985ae127463eaad4-star-full"></i><i class="icon_db8d3657bdbe440c985ae127463eaad4-star-full"></i></div></div></div><div class="responsiveBadgeBlockStarsReviewCount_db8d3657bdbe440c985ae127463eaad4"><span>Sehr gut</span><div class="responsiveBadgeAverageRating_db8d3657bdbe440c985ae127463eaad4">4.85/5.00</div></div></div><div class="responsive-badge-review-block_db8d3657bdbe440c985ae127463eaad4__certified-text hide_db8d3657bdbe440c985ae127463eaad4">Zertifiziert seit 21.12.2017</div></div><div class="responsiveBadgeBlockClose_db8d3657bdbe440c985ae127463eaad4 responsiveBadgeBlockClose_db8d3657bdbe440c985ae127463eaad4--authentic-reviews">×</div><span class="trustCardC_db8d3657bdbe440c985ae127463eaad4"></span></div><div class="bottomSlantResponsiveBadge_db8d3657bdbe440c985ae127463eaad4 bottomSlantResponsiveBadge_db8d3657bdbe440c985ae127463eaad4--authentic-reviews"><div class="trustbadge-responsive-footer_db8d3657bdbe440c985ae127463eaad4"><div class="trustbadge-responsive-footer_db8d3657bdbe440c985ae127463eaad4__sub-text">Kundenbewertungen </div><div class="trustbadge-responsive-footer_db8d3657bdbe440c985ae127463eaad4__logo"><span class="icon_db8d3657bdbe440c985ae127463eaad4 icon_db8d3657bdbe440c985ae127463eaad4-e-logo trustbadge-custom-footer_db8d3657bdbe440c985ae127463eaad4__logo-icon" style="font-size:100%;"></span></div><svg width="100%" height="20" viewBox="0 0 10 5" preserveAspectRatio="none"><polygon fill="#ffffff" stroke-width="0" points="0,1.8 0,0 10,0 16,0"></polygon></svg></div></div><div class="triangleResponsiveBadge_db8d3657bdbe440c985ae127463eaad4 triangleResponsiveBadge_db8d3657bdbe440c985ae127463eaad4--authentic-reviews"></div></div><div id="MobileCoveringLayer_db8d3657bdbe440c985ae127463eaad4" style="display: none;"></div>

		







<div id="outer-wrapper">
	<header id="header" class="navbar">
		
									
				
		




<div id="topbar-container">
		
		<div class="navbar-topbar">
		<nav data-menu-switch-element-position="false" data-menu-events="{&quot;desktop&quot;: [&quot;click&quot;], &quot;mobile&quot;: [&quot;click&quot;]}" data-menu-ignore-class="dropdown-menu">
			<ul class="nav navbar-nav navbar-right">

				
				
				
				
									<li class="dropdown navbar-topbar-item first">
						<a title="Anmeldung" href="/#" class="dropdown-toggle" data-toggle-hover="dropdown">
							Kundenlogin 
							<span class="fa fa-sign-in visible-xs-block"></span>
						</a>
						



<ul class="dropdown-menu dropdown-menu-login arrow-top">
	<li class="arrow"></li>
	<li class="dropdown-header hidden-xs">Kundenlogin!</li>
	<li>
		<form action="http://www.hs-dampfer.de/login.php?action=process" method="post" class="form-horizontal">
			<div class="form-group">
				<input type="text" id="login-username" class="form-control" placeholder="E-Mail" name="email_address">
			</div>
			<div class="form-group">
				<input type="password" id="login-password" class="form-control" placeholder="Passwort" name="password">
			</div>
			<div class="dropdown-footer row">
				<input type="submit" class="btn btn-primary btn-block" value="Anmelden">
				<ul>
					<li>
						<a title="Konto erstellen" href="http://www.hs-dampfer.de/login.php">
							Konto erstellen
						</a>
					</li>
					<li>
						<a title="Passwort vergessen?" href="http://www.hs-dampfer.de/password_double_opt.php">
							Passwort vergessen?
						</a>
					</li>
				</ul>
			</div>
		</form>
	</li>
</ul>
					</li>
				
				
									<li class="navbar-topbar-item">
						<a href="http://www.hs-dampfer.de/wish_list.php" title="Merkzettel anzeigen">
							Merkzettel
							<span class="fa fa-thumb-tack visible-xs-block"></span>
						</a>
					</li>
				
			</ul>
		</nav>
	</div>
</div>

		<div class="inside">

			<div class="row">
	
																	

					<div class="navbar-header">
														<div id="navbar-brand" class="navbar-brand">
		<a href="http://www.hs-dampfer.de/index.php" title="www.hs-dampfer.de" style="background-image: url('http://www.hs-dampfer.de/images/logos/hs-dampfer_2_logo.jpeg')"></a>
	</div>

												

<button type="button" class="navbar-toggle" data-mobile_menu-target="#categories .navbar-collapse" data-mobile_menu-body-class="categories-open" data-mobile_menu-toggle-content-visibility="">
	<i class="gm-menu"></i>
</button>

<button type="button" class="navbar-toggle cart-icon" data-mobile_menu-location="shopping_cart.php">
	<i class="gm-cart-basket"></i>
	<span class="cart-products-count hidden">
		0
	</span>
</button>

<button type="button" class="navbar-toggle" data-mobile_menu-target="#search" data-mobile_menu-body-class="search-open" data-mobile_menu-toggle-content-visibility="">
	<i class="gm-search"></i>
</button>
					</div>

	
									




		
<div id="search" class="navbar-search collapse navbar-collapse">

	
	<p class="navbar-search-header dropdown-header">Suche</p>

	<form action="advanced_search_result.php" method="get">

		<div class="navbar-search-input-group input-group">
			<div class="navbar-search-input-group-btn input-group-btn custom-dropdown" data-dropdown-trigger-change="false" data-dropdown-trigger-no-change="false">
				
				<button type="button" class="btn btn-default dropdown-toggle" data-toggle="dropdown" aria-haspopup="true" aria-expanded="false">
					<span class="dropdown-name">Alle</span> <span class="caret"></span>
				</button>

									<ul class="dropdown-menu">
													<li><a href="#" rel="0">Alle</a></li>
															<li><a href="#" rel="198">E-Zigaretten/Startersets</a></li>
															<li><a href="#" rel="121">Akkuträger</a></li>
															<li><a href="#" rel="51">Verdampfer</a></li>
															<li><a href="#" rel="9">Liquid</a></li>
															<li><a href="#" rel="172">Selbstmischen</a></li>
															<li><a href="#" rel="230">Nikotin Shot</a></li>
															<li><a href="#" rel="24">Zubehör</a></li>
															<li><a href="#" rel="102">Neu im Shop</a></li>
															<li><a href="#" rel="220">Sale %</a></li>
																		</ul>
				
								<select name="categories_id" id="search-categories-id">
					<option value="0">Alle</option>
															<option value="198">E-Zigaretten/Startersets</option>
										<option value="121">Akkuträger</option>
										<option value="51">Verdampfer</option>
										<option value="9">Liquid</option>
										<option value="172">Selbstmischen</option>
										<option value="230">Nikotin Shot</option>
										<option value="24">Zubehör</option>
										<option value="102">Neu im Shop</option>
										<option value="220">Sale %</option>
														</select>
								
			</div>
			<input type="text" name="keywords" placeholder="Suche..." class="form-control search-input" autocomplete="off">
			<button type="submit" class="gm-search form-control-feedback"></button>
			
		</div>

		
					<input type="hidden" value="1" name="inc_subcat">
		
		<div class="navbar-search-footer visible-xs-block">
			<button class="btn btn-primary btn-block" type="submit">
				Suche...
			</button>
			<a href="advanced_search.php" class="btn btn-default btn-block" title="Erweiterte Suche">
				Erweiterte Suche
			</a>
		</div>
		
		<div class="search-result-container"></div>

	</form>
</div>

				
									<div class="custom-container" id="custom-1">
	<div class="inside">
					<div class="row" style="display: table; height: 100%; width: 100%">
   <div class="col-xs-4" style=" display: table-cell; float: none; vertical-align: middle; padding: 15px 10px;">
      <a href="#" style="display: block; background: url('images/Fotolia_23714984_XS.jpg') 50% 50% no-repeat; background-size: contain; text-decoration: none; position: absolute; top: 15px; bottom: 15px; left: 10px; right: 10px; ">&nbsp;</a>
   </div>
   <div class="col-xs-4" style="display: table-cell; float: none; vertical-align: middle; padding: 15px 10px;">
      <a href="#" style="display: block; background: url('images/protected_shop_logo.png') 50% 50% no-repeat; background-size: contain; text-decoration: none; position: absolute; top: 15px; bottom: 15px; left: 10px; right: 10px; ">&nbsp;</a>
   </div>
   <div class="col-xs-4" style="display: table-cell; float: none; vertical-align: middle; padding: 15px 10px;">
      <a href="#" style="display: block; background: url('images/1312525588.gif') 50% 50% no-repeat; background-size: contain; text-decoration: none; position: absolute; top: 15px; bottom: 15px; left: 10px; right: 10px; ">&nbsp;</a>
   </div>
</div>
			</div>
</div>

								
														

<nav id="cart-container" class="navbar-cart" data-menu-switch-element-position="false">
	<ul class="cart-container-inner">
		<li>
			<a href="http://www.hs-dampfer.de/shopping_cart.php" class="dropdown-toggle">
				<i class="gm-cart-basket"></i>
				<span class="cart">
					Ihr Warenkorb<br>
					<span class="products">
						 0,00 EUR
					</span>
				</span>
				<span class="cart-products-count hidden">
					0
				</span>
			</a>
			


<ul class="dropdown-menu arrow-top cart-dropdown cart-empty">
	<li class="arrow"></li>

	
	<li class="cart-dropdown-inside">

				
					<div class="cart-empty">
				Sie haben noch keine Artikel in Ihrem Warenkorb.
			</div>
				
	</li>
</ul>
		</li>
	</ul>
</nav>
				
			</div>
			
		</div>

		
		

		
								
		
<div id="categories">
	<div class="navbar-collapse collapse">
		<nav class="navbar-default navbar-categories">
			<ul class="level-1 nav navbar-nav">

				
					<li class="dropdown level-1-child" data-id="198">
						<a class="dropdown-toggle" href="http://www.hs-dampfer.de/E-Zigaretten--E-Zigarette/" title="E-Zigaretten/Startersets">
							E-Zigaretten/Startersets						</a>
						
													<ul data-level="2" class="level-2 dropdown-menu dropdown-menu-child">
								<li class="enter-category">
									<a class="dropdown-toggle" href="http://www.hs-dampfer.de/E-Zigaretten--E-Zigarette/" title="E-Zigaretten/Startersets">alle anzeigen</a>
								</li>

																																																																																																																												
																	
																			<li class="level-2-child">
											<a href="http://www.hs-dampfer.de/E-Zigaretten--E-Zigarette/aspire-gusto/" title="Aspire Gusto">
												Aspire Gusto
											</a>
																					</li>
																			<li class="dropdown level-2-child">
											<a href="http://www.hs-dampfer.de/E-Zigaretten--E-Zigarette/Joyetech-133/" title="Joyetech / Innocigs">
												Joyetech / Innocigs
											</a>
																							<ul data-level="3" class="level-3 dropdown-menu dropdown-menu-child">
													<li class="enter-category">
														<a href="http://www.hs-dampfer.de/E-Zigaretten--E-Zigarette/Joyetech-133/" title="Joyetech / Innocigs" class="dropdown-toggle">
															alle anzeigen
														</a>
													</li>
																											<li class="level-3-child">
															<a href="http://www.hs-dampfer.de/E-Zigaretten--E-Zigarette/Joyetech-133/Joyetech-Cuboid-Mini/" title="Joyetech Cuboid Mini">
																Joyetech Cuboid Mini
															</a>
														</li>
																											<li class="level-3-child">
															<a href="http://www.hs-dampfer.de/E-Zigaretten--E-Zigarette/Joyetech-133/Joyetech-eGo-AIO/" title="Joyetech eGo AIO">
																Joyetech eGo AIO
															</a>
														</li>
																											<li class="level-3-child">
															<a href="http://www.hs-dampfer.de/E-Zigaretten--E-Zigarette/Joyetech-133/joyetech-ego-aio-box/" title="Joyetech eGo AIO Box">
																Joyetech eGo AIO Box
															</a>
														</li>
																											<li class="level-3-child">
															<a href="http://www.hs-dampfer.de/E-Zigaretten--E-Zigarette/Joyetech-133/eGo-C-original-Joyetech/" title="Joyetech eGo-C">
																Joyetech eGo-C
															</a>
														</li>
																											<li class="level-3-child">
															<a href="http://www.hs-dampfer.de/E-Zigaretten--E-Zigarette/Joyetech-133/Joyetech-eGo-One/" title="Joyetech eGo-One">
																Joyetech eGo-One
															</a>
														</li>
																											<li class="level-3-child">
															<a href="http://www.hs-dampfer.de/E-Zigaretten--E-Zigarette/Joyetech-133/eGo-T-original-Joyetech/" title="Joyetech eGo-T">
																Joyetech eGo-T
															</a>
														</li>
																											<li class="level-3-child">
															<a href="http://www.hs-dampfer.de/E-Zigaretten--E-Zigarette/Joyetech-133/Joyetech-eGrip-II/" title="Joyetech eGrip II">
																Joyetech eGrip II
															</a>
														</li>
																											<li class="level-3-child">
															<a href="http://www.hs-dampfer.de/E-Zigaretten--E-Zigarette/Joyetech-133/Joyetech-eRoll/" title="Joyetech eRoll">
																Joyetech eRoll
															</a>
														</li>
																											<li class="level-3-child">
															<a href="http://www.hs-dampfer.de/E-Zigaretten--E-Zigarette/Joyetech-133/joyetech-evic-aio-vt-kit-75-watt/" title="joyetech eVic Aio VT Kit 75 Watt">
																joyetech eVic Aio VT Kit 75 Watt
															</a>
														</li>
																											<li class="level-3-child">
															<a href="http://www.hs-dampfer.de/E-Zigaretten--E-Zigarette/Joyetech-133/Joyetech-eVic-VT-Mini/" title="Joyetech eVic VTC / VTwo Mini">
																Joyetech eVic VTC / VTwo Mini
															</a>
														</li>
																									</ul>
																					</li>
																			<li class="dropdown level-2-child">
											<a href="http://www.hs-dampfer.de/E-Zigaretten--E-Zigarette/Startersets/" title="Startersets">
												Startersets
											</a>
																							<ul data-level="3" class="level-3 dropdown-menu dropdown-menu-child">
													<li class="enter-category">
														<a href="http://www.hs-dampfer.de/E-Zigaretten--E-Zigarette/Startersets/" title="Startersets" class="dropdown-toggle">
															alle anzeigen
														</a>
													</li>
																											<li class="level-3-child">
															<a href="http://www.hs-dampfer.de/E-Zigaretten--E-Zigarette/Startersets/aspire/" title="Aspire">
																Aspire
															</a>
														</li>
																											<li class="level-3-child">
															<a href="http://www.hs-dampfer.de/E-Zigaretten--E-Zigarette/Startersets/eleaf-234/" title="Eleaf">
																Eleaf
															</a>
														</li>
																											<li class="level-3-child">
															<a href="http://www.hs-dampfer.de/E-Zigaretten--E-Zigarette/Startersets/joyetech-innocigs/" title="Joyetech / Innocigs">
																Joyetech / Innocigs
															</a>
														</li>
																											<li class="level-3-child">
															<a href="http://www.hs-dampfer.de/E-Zigaretten--E-Zigarette/Startersets/lynden/" title="Lynden">
																Lynden
															</a>
														</li>
																											<li class="level-3-child">
															<a href="http://www.hs-dampfer.de/E-Zigaretten--E-Zigarette/Startersets/sc/" title="SC">
																SC
															</a>
														</li>
																											<li class="level-3-child">
															<a href="http://www.hs-dampfer.de/E-Zigaretten--E-Zigarette/Startersets/smok/" title="Smok">
																Smok
															</a>
														</li>
																											<li class="level-3-child">
															<a href="http://www.hs-dampfer.de/E-Zigaretten--E-Zigarette/Startersets/vaporesso/" title="Vaporesso">
																Vaporesso
															</a>
														</li>
																											<li class="level-3-child">
															<a href="http://www.hs-dampfer.de/E-Zigaretten--E-Zigarette/Startersets/vivakita/" title="VivaKita">
																VivaKita
															</a>
														</li>
																											<li class="level-3-child">
															<a href="http://www.hs-dampfer.de/E-Zigaretten--E-Zigarette/Startersets/xeo/" title="XEO">
																XEO
															</a>
														</li>
																									</ul>
																					</li>
																	
															
							</ul>
												
					</li>
				
					<li class="dropdown level-1-child" data-id="121">
						<a class="dropdown-toggle" href="http://www.hs-dampfer.de/Akkutraeger/" title="Akkuträger">
							Akkuträger						</a>
						
													<ul data-level="2" class="level-2 dropdown-menu dropdown-menu-child">
								<li class="enter-category">
									<a class="dropdown-toggle" href="http://www.hs-dampfer.de/Akkutraeger/" title="Akkuträger">alle anzeigen</a>
								</li>

																																																																																																																																																																																																																																								
																	
																			<li class="level-2-child">
											<a href="http://www.hs-dampfer.de/Akkutraeger/asmodus/" title="Asmodus">
												Asmodus
											</a>
																					</li>
																			<li class="level-2-child">
											<a href="http://www.hs-dampfer.de/Akkutraeger/Aspire-156/" title="Aspire">
												Aspire
											</a>
																					</li>
																			<li class="level-2-child">
											<a href="http://www.hs-dampfer.de/Akkutraeger/Eleaf/" title="Eleaf">
												Eleaf
											</a>
																					</li>
																			<li class="level-2-child">
											<a href="http://www.hs-dampfer.de/Akkutraeger/Joyetech-155/" title="Joyetech / Innocigs">
												Joyetech / Innocigs
											</a>
																					</li>
																			<li class="level-2-child">
											<a href="http://www.hs-dampfer.de/Akkutraeger/Smok-169/" title="Smok">
												Smok
											</a>
																					</li>
																			<li class="level-2-child">
											<a href="http://www.hs-dampfer.de/Akkutraeger/Wismec/" title="Wismec">
												Wismec
											</a>
																					</li>
																	
															
							</ul>
												
					</li>
				
					<li class="dropdown level-1-child" data-id="51">
						<a class="dropdown-toggle" href="http://www.hs-dampfer.de/Clearomizer-Dual-Coil-Tank/" title="Verdampfer">
							Verdampfer						</a>
						
													<ul data-level="2" class="level-2 dropdown-menu dropdown-menu-child">
								<li class="enter-category">
									<a class="dropdown-toggle" href="http://www.hs-dampfer.de/Clearomizer-Dual-Coil-Tank/" title="Verdampfer">alle anzeigen</a>
								</li>

																																																																																																																																																																																																																																																																																																																																																																																																																																																																
																	
																			<li class="level-2-child">
											<a href="http://www.hs-dampfer.de/Clearomizer-Dual-Coil-Tank/category-105/" title="Aspire">
												Aspire
											</a>
																					</li>
																			<li class="level-2-child">
											<a href="http://www.hs-dampfer.de/Clearomizer-Dual-Coil-Tank/eleaf/" title="Eleaf">
												Eleaf
											</a>
																					</li>
																			<li class="level-2-child">
											<a href="http://www.hs-dampfer.de/Clearomizer-Dual-Coil-Tank/category-136/" title="Flash-e-Vapor V2 by Tobeco">
												Flash-e-Vapor V2 by Tobeco
											</a>
																					</li>
																			<li class="level-2-child">
											<a href="http://www.hs-dampfer.de/Clearomizer-Dual-Coil-Tank/Flash-e-Vapor-V3-by-Hotcig/" title="Flash-e-Vapor V3 by Hotcig">
												Flash-e-Vapor V3 by Hotcig
											</a>
																					</li>
																			<li class="level-2-child">
											<a href="http://www.hs-dampfer.de/Clearomizer-Dual-Coil-Tank/Joyetech/" title="Joyetech">
												Joyetech
											</a>
																					</li>
																			<li class="level-2-child">
											<a href="http://www.hs-dampfer.de/Clearomizer-Dual-Coil-Tank/Kanger/" title="Kangertech">
												Kangertech
											</a>
																					</li>
																			<li class="level-2-child">
											<a href="http://www.hs-dampfer.de/Clearomizer-Dual-Coil-Tank/Selbstwickelverdampfer/" title="Selbstwickelverdampfer">
												Selbstwickelverdampfer
											</a>
																					</li>
																			<li class="level-2-child">
											<a href="http://www.hs-dampfer.de/Clearomizer-Dual-Coil-Tank/Smok/" title="Smok">
												Smok
											</a>
																					</li>
																			<li class="level-2-child">
											<a href="http://www.hs-dampfer.de/Clearomizer-Dual-Coil-Tank/taifun/" title="Taifun">
												Taifun
											</a>
																					</li>
																			<li class="level-2-child">
											<a href="http://www.hs-dampfer.de/Clearomizer-Dual-Coil-Tank/Uwell/" title="Uwell">
												Uwell
											</a>
																					</li>
																			<li class="level-2-child">
											<a href="http://www.hs-dampfer.de/Clearomizer-Dual-Coil-Tank/vape-band/" title="Vape-Band">
												Vape-Band
											</a>
																					</li>
																			<li class="level-2-child">
											<a href="http://www.hs-dampfer.de/Clearomizer-Dual-Coil-Tank/Vision/" title="Vision">
												Vision
											</a>
																					</li>
																	
															
							</ul>
												
					</li>
				
					<li class="dropdown level-1-child" data-id="9">
						<a class="dropdown-toggle" href="http://www.hs-dampfer.de/Liquid/" title="Liquid">
							Liquid						</a>
						
													<ul data-level="2" class="level-2 dropdown-menu dropdown-menu-child">
								<li class="enter-category">
									<a class="dropdown-toggle" href="http://www.hs-dampfer.de/Liquid/" title="Liquid">alle anzeigen</a>
								</li>

																																																																																																																																																																																																																																																																																																																
																	
																			<li class="level-2-child">
											<a href="http://www.hs-dampfer.de/Liquid/dinner-lady/" title="Dinner Lady">
												Dinner Lady
											</a>
																					</li>
																			<li class="level-2-child">
											<a href="http://www.hs-dampfer.de/Liquid/dvtch-amsterdam/" title="DVTCH Amsterdam">
												DVTCH Amsterdam
											</a>
																					</li>
																			<li class="level-2-child">
											<a href="http://www.hs-dampfer.de/Liquid/element-e-liquid-usa/" title="Element e-Liquid - USA">
												Element e-Liquid - USA
											</a>
																					</li>
																			<li class="dropdown level-2-child">
											<a href="http://www.hs-dampfer.de/Liquid/Erste-Sahne---Germany/" title="Erste Sahne - Germany">
												Erste Sahne - Germany
											</a>
																							<ul data-level="3" class="level-3 dropdown-menu dropdown-menu-child">
													<li class="enter-category">
														<a href="http://www.hs-dampfer.de/Liquid/Erste-Sahne---Germany/" title="Erste Sahne - Germany" class="dropdown-toggle">
															alle anzeigen
														</a>
													</li>
																											<li class="level-3-child">
															<a href="http://www.hs-dampfer.de/Liquid/Erste-Sahne---Germany/Erste-Sahne---Diverse/" title="Erste Sahne - Diverse">
																Erste Sahne - Diverse
															</a>
														</li>
																											<li class="level-3-child">
															<a href="http://www.hs-dampfer.de/Liquid/Erste-Sahne---Germany/Erste-Sahne---Frucht/" title="Erste Sahne - Frucht">
																Erste Sahne - Frucht
															</a>
														</li>
																											<li class="level-3-child">
															<a href="http://www.hs-dampfer.de/Liquid/Erste-Sahne---Germany/Erste-Sahne---Tabak/" title="Erste Sahne - Tabak">
																Erste Sahne - Tabak
															</a>
														</li>
																									</ul>
																					</li>
																			<li class="level-2-child">
											<a href="http://www.hs-dampfer.de/Liquid/nos-e-liquid/" title="NOS E-Liquid">
												NOS E-Liquid
											</a>
																					</li>
																			<li class="dropdown level-2-child">
											<a href="http://www.hs-dampfer.de/Liquid/Ruyan-Liquid/" title="Ruyan/Feellife Liquid">
												Ruyan/Feellife Liquid
											</a>
																							<ul data-level="3" class="level-3 dropdown-menu dropdown-menu-child">
													<li class="enter-category">
														<a href="http://www.hs-dampfer.de/Liquid/Ruyan-Liquid/" title="Ruyan/Feellife Liquid" class="dropdown-toggle">
															alle anzeigen
														</a>
													</li>
																											<li class="level-3-child">
															<a href="http://www.hs-dampfer.de/Liquid/Ruyan-Liquid/Ruyan-Liquid-Diverse/" title="Ruyan Liquid Diverse">
																Ruyan Liquid Diverse
															</a>
														</li>
																											<li class="level-3-child">
															<a href="http://www.hs-dampfer.de/Liquid/Ruyan-Liquid/Ruyan-Liquid-Frucht/" title="Ruyan Liquid Frucht">
																Ruyan Liquid Frucht
															</a>
														</li>
																											<li class="level-3-child">
															<a href="http://www.hs-dampfer.de/Liquid/Ruyan-Liquid/Ruyan-Liquid-Tabak/" title="Ruyan Liquid Tabak">
																Ruyan Liquid Tabak
															</a>
														</li>
																									</ul>
																					</li>
																			<li class="level-2-child">
											<a href="http://www.hs-dampfer.de/Liquid/T-Juice-E-Liquid/" title="T-Juice E-Liquid - GB">
												T-Juice E-Liquid - GB
											</a>
																					</li>
																			<li class="dropdown level-2-child">
											<a href="http://www.hs-dampfer.de/Liquid/Vampire-Vape/" title="Vampire Vape - GB">
												Vampire Vape - GB
											</a>
																							<ul data-level="3" class="level-3 dropdown-menu dropdown-menu-child">
													<li class="enter-category">
														<a href="http://www.hs-dampfer.de/Liquid/Vampire-Vape/" title="Vampire Vape - GB" class="dropdown-toggle">
															alle anzeigen
														</a>
													</li>
																											<li class="level-3-child">
															<a href="http://www.hs-dampfer.de/Liquid/Vampire-Vape/koncept-xix/" title="Koncept XIX Shake n'Vape">
																Koncept XIX Shake n'Vape
															</a>
														</li>
																											<li class="level-3-child">
															<a href="http://www.hs-dampfer.de/Liquid/Vampire-Vape/vampire-vape-e-liquid/" title="Vampire Vape e-Liquid">
																Vampire Vape e-Liquid
															</a>
														</li>
																											<li class="level-3-child">
															<a href="http://www.hs-dampfer.de/Liquid/Vampire-Vape/vampire-vape-vlads-vg/" title="Vampire Vape Vlads VG">
																Vampire Vape Vlads VG
															</a>
														</li>
																									</ul>
																					</li>
																	
															
							</ul>
												
					</li>
				
					<li class="dropdown level-1-child" data-id="172">
						<a class="dropdown-toggle" href="http://www.hs-dampfer.de/Selbst-Mischen/" title="Selbstmischen">
							Selbstmischen						</a>
						
													<ul data-level="2" class="level-2 dropdown-menu dropdown-menu-child">
								<li class="enter-category">
									<a class="dropdown-toggle" href="http://www.hs-dampfer.de/Selbst-Mischen/" title="Selbstmischen">alle anzeigen</a>
								</li>

																																																																																																																																																																
																	
																			<li class="dropdown level-2-child">
											<a href="http://www.hs-dampfer.de/Selbst-Mischen/Aromen/" title="Aromen">
												Aromen
											</a>
																							<ul data-level="3" class="level-3 dropdown-menu dropdown-menu-child">
													<li class="enter-category">
														<a href="http://www.hs-dampfer.de/Selbst-Mischen/Aromen/" title="Aromen" class="dropdown-toggle">
															alle anzeigen
														</a>
													</li>
																											<li class="level-3-child">
															<a href="http://www.hs-dampfer.de/Selbst-Mischen/Aromen/category-221/" title="Big Mouth">
																Big Mouth
															</a>
														</li>
																											<li class="level-3-child">
															<a href="http://www.hs-dampfer.de/Selbst-Mischen/Aromen/copy-cat/" title="Copy Cat">
																Copy Cat
															</a>
														</li>
																											<li class="level-3-child">
															<a href="http://www.hs-dampfer.de/Selbst-Mischen/Aromen/damfaroma/" title="Damfaroma">
																Damfaroma
															</a>
														</li>
																											<li class="level-3-child">
															<a href="http://www.hs-dampfer.de/Selbst-Mischen/Aromen/GermanFLAVOURS-197/" title="GermanFLAVOURS">
																GermanFLAVOURS
															</a>
														</li>
																											<li class="level-3-child">
															<a href="http://www.hs-dampfer.de/Selbst-Mischen/Aromen/K-Boom/" title="K-Boom">
																K-Boom
															</a>
														</li>
																											<li class="level-3-child">
															<a href="http://www.hs-dampfer.de/Selbst-Mischen/Aromen/T-Juice/" title="T-Juice">
																T-Juice
															</a>
														</li>
																											<li class="level-3-child">
															<a href="http://www.hs-dampfer.de/Selbst-Mischen/Aromen/Vampire-Vape-182/" title="Vampire Vape">
																Vampire Vape
															</a>
														</li>
																									</ul>
																					</li>
																			<li class="dropdown level-2-child">
											<a href="http://www.hs-dampfer.de/Selbst-Mischen/Base/" title="Base">
												Base
											</a>
																							<ul data-level="3" class="level-3 dropdown-menu dropdown-menu-child">
													<li class="enter-category">
														<a href="http://www.hs-dampfer.de/Selbst-Mischen/Base/" title="Base" class="dropdown-toggle">
															alle anzeigen
														</a>
													</li>
																											<li class="level-3-child">
															<a href="http://www.hs-dampfer.de/Selbst-Mischen/Base/avoria/" title="Avoria">
																Avoria
															</a>
														</li>
																									</ul>
																					</li>
																			<li class="level-2-child">
											<a href="http://www.hs-dampfer.de/Selbst-Mischen/nic-shots-231/" title="Nikotin Shot">
												Nikotin Shot
											</a>
																					</li>
																			<li class="level-2-child">
											<a href="http://www.hs-dampfer.de/Selbst-Mischen/Zubehoer-178/" title="Zubehör">
												Zubehör
											</a>
																					</li>
																	
															
							</ul>
												
					</li>
				
					<li class="level-1-child" data-id="230">
						<a class="dropdown-toggle" href="http://www.hs-dampfer.de/nic-shots/" title="Nikotin Shot">
							Nikotin Shot						</a>
						
												
					</li>
				
					<li class="dropdown level-1-child" data-id="24">
						<a class="dropdown-toggle" href="http://www.hs-dampfer.de/Zubehoer/" title="Zubehör">
							Zubehör						</a>
						
													<ul data-level="2" class="level-2 dropdown-menu dropdown-menu-child">
								<li class="enter-category">
									<a class="dropdown-toggle" href="http://www.hs-dampfer.de/Zubehoer/" title="Zubehör">alle anzeigen</a>
								</li>

																																																																																																																																																																																																				
																	
																			<li class="dropdown level-2-child">
											<a href="http://www.hs-dampfer.de/Zubehoer/akkus-205/" title="Akkus">
												Akkus
											</a>
																							<ul data-level="3" class="level-3 dropdown-menu dropdown-menu-child">
													<li class="enter-category">
														<a href="http://www.hs-dampfer.de/Zubehoer/akkus-205/" title="Akkus" class="dropdown-toggle">
															alle anzeigen
														</a>
													</li>
																											<li class="level-3-child">
															<a href="http://www.hs-dampfer.de/Zubehoer/akkus-205/Efest-Akkus/" title="Efest Akku">
																Efest Akku
															</a>
														</li>
																											<li class="level-3-child">
															<a href="http://www.hs-dampfer.de/Zubehoer/akkus-205/eGo-Mini/" title="eGo-Mini">
																eGo-Mini
															</a>
														</li>
																											<li class="level-3-child">
															<a href="http://www.hs-dampfer.de/Zubehoer/akkus-205/Joyetech-Akkus/" title="Joyetech Akkus">
																Joyetech Akkus
															</a>
														</li>
																											<li class="level-3-child">
															<a href="http://www.hs-dampfer.de/Zubehoer/akkus-205/Kangertech-130/" title="Kangertech">
																Kangertech
															</a>
														</li>
																											<li class="level-3-child">
															<a href="http://www.hs-dampfer.de/Zubehoer/akkus-205/LG-Akkus/" title="LG Akkus">
																LG Akkus
															</a>
														</li>
																											<li class="level-3-child">
															<a href="http://www.hs-dampfer.de/Zubehoer/akkus-205/Panasonic/" title="Panasonic">
																Panasonic
															</a>
														</li>
																											<li class="level-3-child">
															<a href="http://www.hs-dampfer.de/Zubehoer/akkus-205/Samsung-Akku/" title="Samsung Akku">
																Samsung Akku
															</a>
														</li>
																											<li class="level-3-child">
															<a href="http://www.hs-dampfer.de/Zubehoer/akkus-205/Sony/" title="Sony">
																Sony
															</a>
														</li>
																											<li class="level-3-child">
															<a href="http://www.hs-dampfer.de/Zubehoer/akkus-205/trustfire/" title="Trustfire">
																Trustfire
															</a>
														</li>
																									</ul>
																					</li>
																			<li class="dropdown level-2-child">
											<a href="http://www.hs-dampfer.de/Zubehoer/Drip-Tips/" title="Drip Tips">
												Drip Tips
											</a>
																							<ul data-level="3" class="level-3 dropdown-menu dropdown-menu-child">
													<li class="enter-category">
														<a href="http://www.hs-dampfer.de/Zubehoer/Drip-Tips/" title="Drip Tips" class="dropdown-toggle">
															alle anzeigen
														</a>
													</li>
																											<li class="level-3-child">
															<a href="http://www.hs-dampfer.de/Zubehoer/Drip-Tips/Aluminium/" title="Aluminium">
																Aluminium
															</a>
														</li>
																											<li class="level-3-child">
															<a href="http://www.hs-dampfer.de/Zubehoer/Drip-Tips/Edelstahl/" title="Edelstahl">
																Edelstahl
															</a>
														</li>
																											<li class="level-3-child">
															<a href="http://www.hs-dampfer.de/Zubehoer/Drip-Tips/Plastik/" title="Plastik">
																Plastik
															</a>
														</li>
																											<li class="level-3-child">
															<a href="http://www.hs-dampfer.de/Zubehoer/Drip-Tips/Plastik-fuer-Vision-CE-5/" title="Plastik für Vision CE 5">
																Plastik für Vision CE 5
															</a>
														</li>
																											<li class="level-3-child">
															<a href="http://www.hs-dampfer.de/Zubehoer/Drip-Tips/category-132/" title="Teflon">
																Teflon
															</a>
														</li>
																									</ul>
																					</li>
																			<li class="level-2-child">
											<a href="http://www.hs-dampfer.de/Zubehoer/Akkus/" title="Ladegeräte">
												Ladegeräte
											</a>
																					</li>
																			<li class="level-2-child">
											<a href="http://www.hs-dampfer.de/Zubehoer/Wickelzubehoer/" title="Wickelzubehör">
												Wickelzubehör
											</a>
																					</li>
																			<li class="level-2-child">
											<a href="http://www.hs-dampfer.de/Zubehoer/zubehoer-allgemein/" title="Zubehör allgemein">
												Zubehör allgemein
											</a>
																					</li>
																	
															
							</ul>
												
					</li>
				
					<li class="level-1-child" data-id="102">
						<a class="dropdown-toggle" href="http://www.hs-dampfer.de/Neu-im-Shop/" title="Neu im Shop">
							Neu im Shop						</a>
						
												
					</li>
				
					<li class="level-1-child" data-id="220">
						<a class="dropdown-toggle" href="http://www.hs-dampfer.de/sonderangebote/" title="Sale %">
							Sale %						</a>
						
												
					</li>
				
				

				<li class="dropdown dropdown-more" style="display: none">
					<a class="dropdown-toggle" href="#" title="">
						Weitere
					</a>
					<ul class="level-2 dropdown-menu ignore-menu"></ul>
				</li>

			<li class="dropdown navbar-topbar-item first">
						<a title="Anmeldung" href="/#" class="dropdown-toggle" data-toggle-hover="dropdown">
							Kundenlogin 
							<span class="fa fa-sign-in visible-xs-block"></span>
						</a>
						



<ul class="dropdown-menu dropdown-menu-login arrow-top">
	<li class="arrow"></li>
	<li class="dropdown-header hidden-xs">Kundenlogin!</li>
	<li>
		<form action="http://www.hs-dampfer.de/login.php?action=process" method="post" class="form-horizontal">
			<div class="form-group">
				<input type="text" id="login-username" class="form-control" placeholder="E-Mail" name="email_address">
			</div>
			<div class="form-group">
				<input type="password" id="login-password" class="form-control" placeholder="Passwort" name="password">
			</div>
			<div class="dropdown-footer row">
				<input type="submit" class="btn btn-primary btn-block" value="Anmelden">
				<ul>
					<li>
						<a title="Konto erstellen" href="http://www.hs-dampfer.de/login.php">
							Konto erstellen
						</a>
					</li>
					<li>
						<a title="Passwort vergessen?" href="http://www.hs-dampfer.de/password_double_opt.php">
							Passwort vergessen?
						</a>
					</li>
				</ul>
			</div>
		</form>
	</li>
</ul>
					</li><li class="navbar-topbar-item">
						<a href="http://www.hs-dampfer.de/wish_list.php" title="Merkzettel anzeigen">
							Merkzettel
							<span class="fa fa-thumb-tack visible-xs-block"></span>
						</a>
					</li></ul>
		</nav>

	</div>
</div>
		
	</header>

		<div id="stage">
		<div id="slider">
			<div class="swiper-container" data-swiper-breakpoints="[{&quot;breakpoint&quot;: 100, &quot;usePreviewBullets&quot;: true, &quot;slidesPerView&quot;: 1}]" data-swiper-slider-options="{&quot;effect&quot;: &quot;fade&quot;, &quot;speed&quot;: 600, &quot;nextButton&quot;: &quot;.js-teaser-slider-next&quot;, &quot;prevButton&quot;: &quot;.js-teaser-slider-prev&quot;, &quot;autoplay&quot;: 3}">
	<div class="swiper-wrapper">

		
														
			
			<div class="swiper-slide" data-thumb-image="" data-thumb-text="">

								
					<a href="http://www.hs-dampfer.de/Liquid/Ruyan-Liquid/" target="_blank">
						<img class="img-responsive center-block" src="images/slider_images/af-96eusoebanner17.11.23-01.jpg" alt="Wir sind Offizieller Distributor von FEELLIFE" title="">
					</a>
				
								
			</div>

		
														
			
			<div class="swiper-slide" data-thumb-image="" data-thumb-text="">

								
					<a href="http://www.hs-dampfer.de/Liquid/Erste-Sahne---Germany/" target="_blank">
						<img class="img-responsive center-block" src="images/slider_images/esliquid_800x8002x.png" alt="" title="">
					</a>
				
								
			</div>

		
														
			
			<div class="swiper-slide" data-thumb-image="" data-thumb-text="">

								
					<a href="http://www.hs-dampfer.de/E-Zigaretten--E-Zigarette/aspire-gusto/aspire-gusto-powered-by-element-ns20.html" target="_blank">
						<img class="img-responsive center-block" src="images/slider_images/slider-ns20.jpg" alt="" title="">
					</a>
				
								
			</div>

		
														
			
			<div class="swiper-slide" data-thumb-image="" data-thumb-text="">

								
					<a href="http://www.hs-dampfer.de/Liquid/Ruyan-Liquid/" target="_blank">
						<img class="img-responsive center-block" src="images/slider_images/feellife-kopie.png" alt="" title="">
					</a>
				
								
			</div>

		
	</div>

	<div class="swiper-pagination"></div>
	<div class="js-teaser-slider-prev swiper-button-prev"></div>
	<div class="js-teaser-slider-next swiper-button-next"></div>
</div>
		</div>
	</div>


	<div id="wrapper">
		<div class="row">
			
			<div id="main">
				<div class="main-inside">
					<div id="breadcrumb_navi" itemscope="" itemtype="http://schema.org/BreadcrumbList"><span itemprop="itemListElement" itemscope="" itemtype="http://schema.org/ListItem">
												<a href="http://www.hs-dampfer.de/index.php" class="headerNavigation" itemprop="item">
													<span itemprop="name">Startseite</span>
												</a>
												<meta itemprop="position" content="1">
											</span></div>
					
					

<div class="content-page-index">
		<h1 style="text-align: center; padding: 40px;">Herzlich willkommen bei HS-Dampfer, Ihr kompetenter Onlineshop rund ums dampfen.</h1>

<table border="0" cellpadding="1" cellspacing="1" style="width:100%;">
	<tbody>
		<tr>
			<td style="padding: 30px;">
			<p style="text-align: left;">Bei uns erhalten Sie Originalware der Firmen Joyetech, Feellife/Ruyan, Kangertech, Aspire, Vision, Erste Sahne, Tobeco und Hotcig sowie hochwertige Accessoires rund um das Dampfen.<br>
			<br>
			Sollten Sie noch nicht in der Materie des dampfens stecken, empfehlen wir Ihnen, auf der linken Seite runter zu scrollen und den Punkt "Mehr über "dampfen" anzuklicken, wo Sie eine Kurzerläuterung diesbezüglich entnehmen können.<br>
			&nbsp;</p>

			<p style="text-align: left;">Sie möchten Ihre bestellten Artikel direkt bei uns abholen, so vereinbaren Sie bitte einen Termin mit uns. Sie erreichen uns von Montags bis Freitags&nbsp;von 10 - 19 Uhr und Samstags von 10 - 15 Uhr unter der Telefonnummer 0172/2837075. Unser Online-Shop ist selbstverständlich täglich 24h für Sie geöffnet.<br>
			&nbsp;</p>

			<p style="text-align: left;">Suchen Sie evtl. andere Produkte, bzw. Artikel anderer Hersteller oder andere Modelle??? Kontaktieren Sie uns bitte, wir werden uns bemühen Ihnen zu helfen.</p>
			</td>
			<td style="background-color: rgb(42, 62, 131); padding: 30px;"><span style="color:#FFFFFF;"><u><strong>Wichtige Hinweise:</strong></u><br>
			<br>
			<strong>Jugendschutz:</strong><br>
			Wichtige Infos zum neuen Jugendschutzgesetz, welches seit dem 01.04.2016 in Kraft ist, finden Sie in unseren </span><u><a href="/info/Jugendschutz.html"><span style="color:#FFFFFF;">Jugendschutzhinweisen</span></a></u><span style="color:#FFFFFF;">.<br>
			<br>
			<br>
			<span style="color:#FFFFFF;"><strong>Altersverifizierung in unserem Shop:</strong></span></span><br>
			<span style="color:#FFFFFF;">Wir verkaufen ausschließlich an volljährige Kunden. Um dies sicherzustellen verifizieren wir das Alter unserer Kunden vor einer Bestellung.<br>
			Zur Verifikation über Ihren Personalausweis wählen Sie bitte einfach den Punkt "Alternativ über den Personalausweis verifizieren" in dem Formular zur Altersprüfung.</span></td>
		</tr>
		<tr>
			<td colspan="2" style="text-align: center;"><br>
			<br>
			<strong>Sicherheits- und Gesundheitshinweise:</strong>
			<div style="text-align: left;"><br>
			Der erzeugte Nebel eines Dampfgerätes kann Nikotin enthalten, wenn Sie entsprechende Aromaliquids verwenden.&nbsp;Die Dampfgeräte von HS-Dampfer ist in diesem Fall wie alle nikotinhaltigen Produkte nicht für Personen unter 18 Jahren, Nichtraucher, Schwangere, stillende Mütter und Personen mit Herz-Kreislauf-Erkrankungen (kardiovaskuläre&nbsp;Erkrankungen) geeignet!&nbsp;<span style="text-align: center; line-height: 1.6;">Benutzen Sie das Produkt nur mit äußerster Vorsicht, wenn Sie an einer Lungenerkrankung (z.B. Asthma, COPD, Bronchitis, Lungenentzündung) leiden. Der freigesetzte Nebel kann bei vorgeschädigter Lunge unter Umständen einen Asthmaanfall, Luftnot und Hustenanfälle auslösen. Verwenden Sie das Produkt nicht, wenn eines dieser Symptome bei Ihnen auftritt!&nbsp;</span><span style="text-align: center; line-height: 1.6;">Falls Sie allergisch auf einen der Inhaltssoffe reagieren, dürfen Sie das Produkt nicht benutzen!&nbsp;</span><span style="text-align: center; line-height: 1.6;">Dampfen sind kein Spielzeug! Bewahren Sie daher das Gerät und die Aromaliquids absolut unzugänglich für Kinder auf!</span><br>
			<br>
			&nbsp;</div>
			</td>
		</tr>
		<tr>
			<td colspan="2" style="text-align: center;">&nbsp;</td>
		</tr>
	</tbody>
</table>
</div>


					


	<h3>Unsere Empfehlungen</h3>

					
		<div class="productlist productlist-swiper row">

	<div>
		<div id="new-products" class="swiper-container" data-swiper-auto-off="true" data-swiper-slider-options="{&quot;spaceBetween&quot;:0,&quot;loop&quot;:true,&quot;slidesPerView&quot;:4,&quot;autoplay&quot;:null,&quot;breakpoints&quot;:[{&quot;breakpoint&quot;:40,&quot;usePreviewBullets&quot;:true,&quot;slidesPerView&quot;:2,&quot;centeredSlides&quot;:true},{&quot;breakpoint&quot;:60,&quot;usePreviewBullets&quot;:true,&quot;slidesPerView&quot;:2},{&quot;breakpoint&quot;:80,&quot;usePreviewBullets&quot;:true,&quot;slidesPerView&quot;:3}],&quot;nextButton&quot;:&quot;.js-new-products-button-next&quot;,&quot;prevButton&quot;:&quot;.js-new-products-button-prev&quot;,&quot;pagination&quot;:&quot;.js-new-products-pagination&quot;}">
			<div class="swiper-wrapper">

				
					
					
					





<div class="product-container swiper-slide  has-gallery" data-index="new-products-1158">

	<form>

		<div class="inside">
			<div class="content-container">
				<div class="content-container-inner">

					<figure class="image" id="new-products-1158_img">
																				<span title="Smok AL85 Starterset" class="product-hover-main-image product-image" style="background-image: url('images/product_images/info_images/smokal851.jpg')">

							</span>

						
						
						
													<div class="ribbons">
						<div class="ribbon-recommendation">
				<span>TOP</span>
			</div>
			</div>
						
					</figure>

					<div class="title-description">

						<div class="title">
							<a href="http://www.hs-dampfer.de/E-Zigaretten--E-Zigarette/Startersets/smok/smok-al85-starterset.html" title="Smok AL85 Starterset" class="product-url">
								Smok AL85 Starterset
							</a>
						</div>

													<div class="hidden-list">
								<span title="Smok AL85 Starterset">
																			

<div class="rating-stars rating-stars--10" title="In 0 Rezensionen durchschnittlich mit -1 bewertet">
	<span class="gm-star"></span>
	<span class="gm-star"></span>
	<span class="gm-star"></span>
	<span class="gm-star"></span>
	<span class="gm-star"></span>
	<div class="rating-stars-mask">
		<div class="rating-stars-inside">
			<span class="gm-star"></span>
			<span class="gm-star"></span>
			<span class="gm-star"></span>
			<span class="gm-star"></span>
			<span class="gm-star"></span>
		</div>
	</div>
</div>
																	</span>
							</div>
						
						

													<div class="shipping hidden-grid">
								<div class="shipping-info-short">
									Lieferzeit:
																		2-5 Tage
								</div>
							</div><!-- // .shipping -->
												
					</div><!-- // .title-description -->

					<div class="price-tax">

						<div class="price">
							<span class="current-price-container" title="Smok AL85 Starterset">
								 59,99 EUR							</span>
						</div>

						<div class="cart-error-msg alert alert-danger hidden" role="alert"></div>

					</div><!-- // .price-tax -->


				</div><!-- // .content-container-inner -->

			</div><!-- // .content-container -->

		</div><!-- // .inside -->

	</form>

			<ul class="gallery">
			
			
				
				
				<li class="thumbnails">
					<span class="align-helper"></span>
					<img class="img-responsive spinner" data-src="images/product_images/info_images/smokal85.jpg" data-thumb-src="images/product_images/thumbnail_images/smokal85.jpg" src="templates/Honeygrid/assets/images/loading.gif" alt="Smok AL85 Starterset" title="Smok AL85 Starterset">
				</li>

			
				
				
				<li class="thumbnails">
					<span class="align-helper"></span>
					<img class="img-responsive spinner" data-src="images/product_images/info_images/smokal852.jpg" data-thumb-src="images/product_images/thumbnail_images/smokal852.jpg" src="templates/Honeygrid/assets/images/loading.gif" alt="Smok AL85 Starterset" title="Smok AL85 Starterset">
				</li>

			
				
				
				<li class="thumbnails">
					<span class="align-helper"></span>
					<img class="img-responsive spinner" data-src="images/product_images/info_images/smokal853.jpg" data-thumb-src="images/product_images/thumbnail_images/smokal853.jpg" src="templates/Honeygrid/assets/images/loading.gif" alt="Smok AL85 Starterset" title="Smok AL85 Starterset">
				</li>

			
				
				
				<li class="thumbnails">
					<span class="align-helper"></span>
					<img class="img-responsive spinner" data-src="images/product_images/info_images/smokal854.jpg" data-thumb-src="images/product_images/thumbnail_images/smokal854.jpg" src="templates/Honeygrid/assets/images/loading.gif" alt="Smok AL85 Starterset" title="Smok AL85 Starterset">
				</li>

			
											</ul>
	
</div><!-- // .product-container -->

				
					
					
					





<div class="product-container swiper-slide " data-index="new-products-1127">

	<form>

		<div class="inside">
			<div class="content-container">
				<div class="content-container-inner">

					<figure class="image" id="new-products-1127_img">
																				<span title="Tobacco No1 Erste Sahne V2 10ml (Tabak Klassik)" class="product-hover-main-image product-image" style="background-image: url('images/product_images/info_images/esv2tob1640.jpg')">

							</span>

						
						
						
													<div class="ribbons">
						<div class="ribbon-recommendation">
				<span>TOP</span>
			</div>
			</div>
						
					</figure>

					<div class="title-description">

						<div class="title">
							<a href="http://www.hs-dampfer.de/Liquid/Erste-Sahne---Germany/Erste-Sahne---Tabak/tobacco-no1-erste-sahne-v2-10ml-tabak-klassik.html" title="Tobacco No1 Erste Sahne V2 10ml (Tabak Klassik)" class="product-url">
								Tobacco No1 Erste Sahne V2 10ml (Tabak ...
							</a>
						</div>

													<div class="hidden-list">
								<span title="Tobacco No1 Erste Sahne V2 10ml (Tabak Klassik)">
																			

<div class="rating-stars rating-stars-50" title="In 1 Rezensionen durchschnittlich mit 5 bewertet">
	<span class="gm-star"></span>
	<span class="gm-star"></span>
	<span class="gm-star"></span>
	<span class="gm-star"></span>
	<span class="gm-star"></span>
	<div class="rating-stars-mask">
		<div class="rating-stars-inside">
			<span class="gm-star"></span>
			<span class="gm-star"></span>
			<span class="gm-star"></span>
			<span class="gm-star"></span>
			<span class="gm-star"></span>
		</div>
	</div>
</div>
																	</span>
							</div>
						
						

													<div class="shipping hidden-grid">
								<div class="shipping-info-short">
									Lieferzeit:
																		1-3 Tage
								</div>
							</div><!-- // .shipping -->
												
					</div><!-- // .title-description -->

					<div class="price-tax">

						<div class="price">
							<span class="current-price-container" title="Tobacco No1 Erste Sahne V2 10ml (Tabak Klassik)">
								 3,99 EUR<br><span class="gm_products_vpe products-vpe"> 39,90 EUR pro 100ml</span>							</span>
						</div>

						<div class="cart-error-msg alert alert-danger hidden" role="alert"></div>

					</div><!-- // .price-tax -->


				</div><!-- // .content-container-inner -->

			</div><!-- // .content-container -->

		</div><!-- // .inside -->

	</form>

	
</div><!-- // .product-container -->

				
					
					
					





<div class="product-container swiper-slide  has-gallery" data-index="new-products-1240">

	<form>

		<div class="inside">
			<div class="content-container">
				<div class="content-container-inner">

					<figure class="image" id="new-products-1240_img">
																				<span title="Aspire Gusto powered by ELEMENT Ns20" class="product-hover-main-image product-image" style="background-image: url('images/product_images/info_images/1238_0.jpg')">

							</span>

						
						
						
													<div class="ribbons">
						<div class="ribbon-new">
				<span>NEU</span>
			</div>
								<div class="ribbon-recommendation">
				<span>TOP</span>
			</div>
			</div>
						
					</figure>

					<div class="title-description">

						<div class="title">
							<a href="http://www.hs-dampfer.de/Neu-im-Shop/aspire-gusto-powered-by-element-ns20.html" title="Aspire Gusto powered by ELEMENT Ns20" class="product-url">
								Aspire Gusto powered by ELEMENT Ns20
							</a>
						</div>

													<div class="hidden-list">
								<span title="Aspire Gusto powered by ELEMENT Ns20">
																			

<div class="rating-stars rating-stars-50" title="In 1 Rezensionen durchschnittlich mit 5 bewertet">
	<span class="gm-star"></span>
	<span class="gm-star"></span>
	<span class="gm-star"></span>
	<span class="gm-star"></span>
	<span class="gm-star"></span>
	<div class="rating-stars-mask">
		<div class="rating-stars-inside">
			<span class="gm-star"></span>
			<span class="gm-star"></span>
			<span class="gm-star"></span>
			<span class="gm-star"></span>
			<span class="gm-star"></span>
		</div>
	</div>
</div>
																	</span>
							</div>
						
						

													<div class="shipping hidden-grid">
								<div class="shipping-info-short">
									Lieferzeit:
																		2-5 Tage
								</div>
							</div><!-- // .shipping -->
												
					</div><!-- // .title-description -->

					<div class="price-tax">

						<div class="price">
							<span class="current-price-container" title="Aspire Gusto powered by ELEMENT Ns20">
								 27,99 EUR							</span>
						</div>

						<div class="cart-error-msg alert alert-danger hidden" role="alert"></div>

					</div><!-- // .price-tax -->


				</div><!-- // .content-container-inner -->

			</div><!-- // .content-container -->

		</div><!-- // .inside -->

	</form>

			<ul class="gallery">
			
			
				
				
				<li class="thumbnails">
					<span class="align-helper"></span>
					<img class="img-responsive spinner" data-src="images/product_images/info_images/2_0.jpg" data-thumb-src="images/product_images/thumbnail_images/2_0.jpg" src="templates/Honeygrid/assets/images/loading.gif" alt="Aspire Gusto powered by ELEMENT Ns20" title="Aspire Gusto powered by ELEMENT Ns20">
				</li>

			
				
				
				<li class="thumbnails">
					<span class="align-helper"></span>
					<img class="img-responsive spinner" data-src="images/product_images/info_images/1238_1.jpg" data-thumb-src="images/product_images/thumbnail_images/1238_1.jpg" src="templates/Honeygrid/assets/images/loading.gif" alt="Aspire Gusto powered by ELEMENT Ns20" title="Aspire Gusto powered by ELEMENT Ns20">
				</li>

			
				
				
				<li class="thumbnails">
					<span class="align-helper"></span>
					<img class="img-responsive spinner" data-src="images/product_images/info_images/61.jpg" data-thumb-src="images/product_images/thumbnail_images/61.jpg" src="templates/Honeygrid/assets/images/loading.gif" alt="Aspire Gusto powered by ELEMENT Ns20" title="Aspire Gusto powered by ELEMENT Ns20">
				</li>

			
				
				
				<li class="thumbnails">
					<span class="align-helper"></span>
					<img class="img-responsive spinner" data-src="images/product_images/info_images/7.jpg" data-thumb-src="images/product_images/thumbnail_images/7.jpg" src="templates/Honeygrid/assets/images/loading.gif" alt="Aspire Gusto powered by ELEMENT Ns20" title="Aspire Gusto powered by ELEMENT Ns20">
				</li>

			
											</ul>
	
</div><!-- // .product-container -->

				
					
					
					





<div class="product-container swiper-slide " data-index="new-products-1154">

	<form>

		<div class="inside">
			<div class="content-container">
				<div class="content-container-inner">

					<figure class="image" id="new-products-1154_img">
																				<span title="NOS Drag Race Liquid 50ml" class="product-hover-main-image product-image" style="background-image: url('images/product_images/info_images/nos3.jpg')">

							</span>

						
						
						
													<div class="ribbons">
						<div class="ribbon-recommendation">
				<span>TOP</span>
			</div>
								<div class="ribbon-special">
				<span>-20%</span>
			</div>
			</div>
						
					</figure>

					<div class="title-description">

						<div class="title">
							<a href="http://www.hs-dampfer.de/sonderangebote/nos-drag-race-liquid-50ml.html" title="NOS Drag Race Liquid 50ml" class="product-url">
								NOS Drag Race Liquid 50ml
							</a>
						</div>

													<div class="hidden-list">
								<span title="NOS Drag Race Liquid 50ml">
																			

<div class="rating-stars rating-stars--10" title="In 0 Rezensionen durchschnittlich mit -1 bewertet">
	<span class="gm-star"></span>
	<span class="gm-star"></span>
	<span class="gm-star"></span>
	<span class="gm-star"></span>
	<span class="gm-star"></span>
	<div class="rating-stars-mask">
		<div class="rating-stars-inside">
			<span class="gm-star"></span>
			<span class="gm-star"></span>
			<span class="gm-star"></span>
			<span class="gm-star"></span>
			<span class="gm-star"></span>
		</div>
	</div>
</div>
																	</span>
							</div>
						
						

													<div class="shipping hidden-grid">
								<div class="shipping-info-short">
									Lieferzeit:
																		2-5 Tage
								</div>
							</div><!-- // .shipping -->
												
					</div><!-- // .title-description -->

					<div class="price-tax">

						<div class="price">
							<span class="current-price-container" title="NOS Drag Race Liquid 50ml">
								<span class="productOldPrice">Unser bisheriger Preis 24,99 EUR</span><br>jetzt nur 19,99 EUR<br><span class="gm_products_vpe products-vpe"> 39,98 EUR pro 100ml</span>							</span>
						</div>

						<div class="cart-error-msg alert alert-danger hidden" role="alert"></div>

					</div><!-- // .price-tax -->


				</div><!-- // .content-container-inner -->

			</div><!-- // .content-container -->

		</div><!-- // .inside -->

	</form>

	
</div><!-- // .product-container -->

				
					
					
					





<div class="product-container swiper-slide " data-index="new-products-1194">

	<form>

		<div class="inside">
			<div class="content-container">
				<div class="content-container-inner">

					<figure class="image" id="new-products-1194_img">
																				<span title="Doppelapfel - Ruyan 10ml" class="product-hover-main-image product-image" style="background-image: url('images/product_images/info_images/Double Apple.jpg')">

							</span>

						
						
						
													<div class="ribbons">
						<div class="ribbon-recommendation">
				<span>TOP</span>
			</div>
			</div>
						
					</figure>

					<div class="title-description">

						<div class="title">
							<a href="http://www.hs-dampfer.de/Liquid/Ruyan-Liquid/Ruyan-Liquid-Frucht/doppelapfel-ruyan-10ml.html" title="Doppelapfel - Ruyan 10ml" class="product-url">
								Doppelapfel - Ruyan 10ml
							</a>
						</div>

													<div class="hidden-list">
								<span title="Doppelapfel - Ruyan 10ml">
																			

<div class="rating-stars rating-stars-50" title="In 1 Rezensionen durchschnittlich mit 5 bewertet">
	<span class="gm-star"></span>
	<span class="gm-star"></span>
	<span class="gm-star"></span>
	<span class="gm-star"></span>
	<span class="gm-star"></span>
	<div class="rating-stars-mask">
		<div class="rating-stars-inside">
			<span class="gm-star"></span>
			<span class="gm-star"></span>
			<span class="gm-star"></span>
			<span class="gm-star"></span>
			<span class="gm-star"></span>
		</div>
	</div>
</div>
																	</span>
							</div>
						
						

													<div class="shipping hidden-grid">
								<div class="shipping-info-short">
									Lieferzeit:
																		1-3 Tage
								</div>
							</div><!-- // .shipping -->
												
					</div><!-- // .title-description -->

					<div class="price-tax">

						<div class="price">
							<span class="current-price-container" title="Doppelapfel - Ruyan 10ml">
								 4,99 EUR<br><span class="gm_products_vpe products-vpe"> 49,90 EUR pro 100ml</span>							</span>
						</div>

						<div class="cart-error-msg alert alert-danger hidden" role="alert"></div>

					</div><!-- // .price-tax -->


				</div><!-- // .content-container-inner -->

			</div><!-- // .content-container -->

		</div><!-- // .inside -->

	</form>

	
</div><!-- // .product-container -->

				
					
					
					





<div class="product-container swiper-slide " data-index="new-products-1155">

	<form>

		<div class="inside">
			<div class="content-container">
				<div class="content-container-inner">

					<figure class="image" id="new-products-1155_img">
																				<span title="NOS Black Forrest Liquid 50ml" class="product-hover-main-image product-image" style="background-image: url('images/product_images/info_images/nos2.jpg')">

							</span>

						
						
						
													<div class="ribbons">
						<div class="ribbon-recommendation">
				<span>TOP</span>
			</div>
								<div class="ribbon-special">
				<span>-20%</span>
			</div>
			</div>
						
					</figure>

					<div class="title-description">

						<div class="title">
							<a href="http://www.hs-dampfer.de/sonderangebote/nos-black-forrest-liquid-50ml.html" title="NOS Black Forrest Liquid 50ml" class="product-url">
								NOS Black Forrest Liquid 50ml
							</a>
						</div>

													<div class="hidden-list">
								<span title="NOS Black Forrest Liquid 50ml">
																			

<div class="rating-stars rating-stars--10" title="In 0 Rezensionen durchschnittlich mit -1 bewertet">
	<span class="gm-star"></span>
	<span class="gm-star"></span>
	<span class="gm-star"></span>
	<span class="gm-star"></span>
	<span class="gm-star"></span>
	<div class="rating-stars-mask">
		<div class="rating-stars-inside">
			<span class="gm-star"></span>
			<span class="gm-star"></span>
			<span class="gm-star"></span>
			<span class="gm-star"></span>
			<span class="gm-star"></span>
		</div>
	</div>
</div>
																	</span>
							</div>
						
						

													<div class="shipping hidden-grid">
								<div class="shipping-info-short">
									Lieferzeit:
																		2-5 Tage
								</div>
							</div><!-- // .shipping -->
												
					</div><!-- // .title-description -->

					<div class="price-tax">

						<div class="price">
							<span class="current-price-container" title="NOS Black Forrest Liquid 50ml">
								<span class="productOldPrice">Unser bisheriger Preis 24,99 EUR</span><br>jetzt nur 19,99 EUR<br><span class="gm_products_vpe products-vpe"> 39,98 EUR pro 100ml</span>							</span>
						</div>

						<div class="cart-error-msg alert alert-danger hidden" role="alert"></div>

					</div><!-- // .price-tax -->


				</div><!-- // .content-container-inner -->

			</div><!-- // .content-container -->

		</div><!-- // .inside -->

	</form>

	
</div><!-- // .product-container -->

				
					
					
					





<div class="product-container swiper-slide " data-index="new-products-1103">

	<form>

		<div class="inside">
			<div class="content-container">
				<div class="content-container-inner">

					<figure class="image" id="new-products-1103_img">
																				<span title="Aroma Milieu 10ml" class="product-hover-main-image product-image" style="background-image: url('images/product_images/info_images/Milieu_0.jpg')">

							</span>

						
						
						
													<div class="ribbons">
						<div class="ribbon-recommendation">
				<span>TOP</span>
			</div>
			</div>
						
					</figure>

					<div class="title-description">

						<div class="title">
							<a href="http://www.hs-dampfer.de/Selbst-Mischen/Aromen/damfaroma/aroma-milieu-10ml.html" title="Aroma Milieu 10ml" class="product-url">
								Aroma Milieu 10ml
							</a>
						</div>

													<div class="hidden-list">
								<span title="Aroma Milieu 10ml">
																			

<div class="rating-stars rating-stars--10" title="In 0 Rezensionen durchschnittlich mit -1 bewertet">
	<span class="gm-star"></span>
	<span class="gm-star"></span>
	<span class="gm-star"></span>
	<span class="gm-star"></span>
	<span class="gm-star"></span>
	<div class="rating-stars-mask">
		<div class="rating-stars-inside">
			<span class="gm-star"></span>
			<span class="gm-star"></span>
			<span class="gm-star"></span>
			<span class="gm-star"></span>
			<span class="gm-star"></span>
		</div>
	</div>
</div>
																	</span>
							</div>
						
						

													<div class="shipping hidden-grid">
								<div class="shipping-info-short">
									Lieferzeit:
																		1-3 Tage
								</div>
							</div><!-- // .shipping -->
												
					</div><!-- // .title-description -->

					<div class="price-tax">

						<div class="price">
							<span class="current-price-container" title="Aroma Milieu 10ml">
								 5,99 EUR<br><span class="gm_products_vpe products-vpe"> 59,90 EUR pro 100ml</span>							</span>
						</div>

						<div class="cart-error-msg alert alert-danger hidden" role="alert"></div>

					</div><!-- // .price-tax -->


				</div><!-- // .content-container-inner -->

			</div><!-- // .content-container -->

		</div><!-- // .inside -->

	</form>

	
</div><!-- // .product-container -->

				
					
					
					





<div class="product-container swiper-slide  has-gallery" data-index="new-products-1170">

	<form>

		<div class="inside">
			<div class="content-container">
				<div class="content-container-inner">

					<figure class="image" id="new-products-1170_img">
																				<span title="Eleaf iKonn Total Kit mit Ello Mini XL Verdampfer 50 Watt 5.5 ml" class="product-hover-main-image product-image" style="background-image: url('images/product_images/info_images/iKonn1.jpg')">

							</span>

						
						
						
													<div class="ribbons">
						<div class="ribbon-recommendation">
				<span>TOP</span>
			</div>
			</div>
						
					</figure>

					<div class="title-description">

						<div class="title">
							<a href="http://www.hs-dampfer.de/Neu-im-Shop/eleaf-ikonn-total-kit-mit-ello-mini-xl-verdampfer-50-watt-5-5-ml.html" title="Eleaf iKonn Total Kit mit Ello Mini XL Verdampfer 50 Watt 5.5 ml" class="product-url">
								Eleaf iKonn Total Kit mit Ello Mini XL ...
							</a>
						</div>

													<div class="hidden-list">
								<span title="Eleaf iKonn Total Kit mit Ello Mini XL Verdampfer 50 Watt 5.5 ml">
																			

<div class="rating-stars rating-stars--10" title="In 0 Rezensionen durchschnittlich mit -1 bewertet">
	<span class="gm-star"></span>
	<span class="gm-star"></span>
	<span class="gm-star"></span>
	<span class="gm-star"></span>
	<span class="gm-star"></span>
	<div class="rating-stars-mask">
		<div class="rating-stars-inside">
			<span class="gm-star"></span>
			<span class="gm-star"></span>
			<span class="gm-star"></span>
			<span class="gm-star"></span>
			<span class="gm-star"></span>
		</div>
	</div>
</div>
																	</span>
							</div>
						
						

													<div class="shipping hidden-grid">
								<div class="shipping-info-short">
									Lieferzeit:
																		2-5 Tage
								</div>
							</div><!-- // .shipping -->
												
					</div><!-- // .title-description -->

					<div class="price-tax">

						<div class="price">
							<span class="current-price-container" title="Eleaf iKonn Total Kit mit Ello Mini XL Verdampfer 50 Watt 5.5 ml">
								 39,99 EUR							</span>
						</div>

						<div class="cart-error-msg alert alert-danger hidden" role="alert"></div>

					</div><!-- // .price-tax -->


				</div><!-- // .content-container-inner -->

			</div><!-- // .content-container -->

		</div><!-- // .inside -->

	</form>

			<ul class="gallery">
			
			
				
				
				<li class="thumbnails">
					<span class="align-helper"></span>
					<img class="img-responsive spinner" data-src="images/product_images/info_images/ikonn.jpg" data-thumb-src="images/product_images/thumbnail_images/ikonn.jpg" src="templates/Honeygrid/assets/images/loading.gif" alt="Eleaf iKonn Total Kit mit Ello Mini XL Verdampfer 50 Watt 5.5 ml" title="Eleaf iKonn Total Kit mit Ello Mini XL Verdampfer 50 Watt 5.5 ml">
				</li>

			
				
				
				<li class="thumbnails">
					<span class="align-helper"></span>
					<img class="img-responsive spinner" data-src="images/product_images/info_images/iKonn1.jpg" data-thumb-src="images/product_images/thumbnail_images/iKonn1.jpg" src="templates/Honeygrid/assets/images/loading.gif" alt="Eleaf iKonn Total Kit mit Ello Mini XL Verdampfer 50 Watt 5.5 ml" title="Eleaf iKonn Total Kit mit Ello Mini XL Verdampfer 50 Watt 5.5 ml">
				</li>

					</ul>
	
</div><!-- // .product-container -->

				
					
					
					





<div class="product-container swiper-slide " data-index="new-products-1193">

	<form>

		<div class="inside">
			<div class="content-container">
				<div class="content-container-inner">

					<figure class="image" id="new-products-1193_img">
																				<span title="Cherry Iced Mint - Ruyan 10ml" class="product-hover-main-image product-image" style="background-image: url('images/product_images/info_images/cherry-iced-mint-liquid.jpg')">

							</span>

						
						
						
													<div class="ribbons">
						<div class="ribbon-recommendation">
				<span>TOP</span>
			</div>
			</div>
						
					</figure>

					<div class="title-description">

						<div class="title">
							<a href="http://www.hs-dampfer.de/Liquid/Ruyan-Liquid/Ruyan-Liquid-Frucht/cherry-iced-mint-ruyan-10ml.html" title="Cherry Iced Mint - Ruyan 10ml" class="product-url">
								Cherry Iced Mint - Ruyan 10ml
							</a>
						</div>

													<div class="hidden-list">
								<span title="Cherry Iced Mint - Ruyan 10ml">
																			

<div class="rating-stars rating-stars--10" title="In 0 Rezensionen durchschnittlich mit -1 bewertet">
	<span class="gm-star"></span>
	<span class="gm-star"></span>
	<span class="gm-star"></span>
	<span class="gm-star"></span>
	<span class="gm-star"></span>
	<div class="rating-stars-mask">
		<div class="rating-stars-inside">
			<span class="gm-star"></span>
			<span class="gm-star"></span>
			<span class="gm-star"></span>
			<span class="gm-star"></span>
			<span class="gm-star"></span>
		</div>
	</div>
</div>
																	</span>
							</div>
						
						

													<div class="shipping hidden-grid">
								<div class="shipping-info-short">
									Lieferzeit:
																		2-5 Tage
								</div>
							</div><!-- // .shipping -->
												
					</div><!-- // .title-description -->

					<div class="price-tax">

						<div class="price">
							<span class="current-price-container" title="Cherry Iced Mint - Ruyan 10ml">
								 4,99 EUR<br><span class="gm_products_vpe products-vpe"> 49,90 EUR pro 100ml</span>							</span>
						</div>

						<div class="cart-error-msg alert alert-danger hidden" role="alert"></div>

					</div><!-- // .price-tax -->


				</div><!-- // .content-container-inner -->

			</div><!-- // .content-container -->

		</div><!-- // .inside -->

	</form>

	
</div><!-- // .product-container -->

				
					
					
					





<div class="product-container swiper-slide " data-index="new-products-1183">

	<form>

		<div class="inside">
			<div class="content-container">
				<div class="content-container-inner">

					<figure class="image" id="new-products-1183_img">
																				<span title="Pinkman - Original 50ml" class="product-hover-main-image product-image" style="background-image: url('images/product_images/info_images/pinkman_short2.png')">

							</span>

						
						
						
													<div class="ribbons">
						<div class="ribbon-recommendation">
				<span>TOP</span>
			</div>
			</div>
						
					</figure>

					<div class="title-description">

						<div class="title">
							<a href="http://www.hs-dampfer.de/Neu-im-Shop/pinkman-original-50ml.html" title="Pinkman - Original 50ml" class="product-url">
								Pinkman - Original 50ml
							</a>
						</div>

													<div class="hidden-list">
								<span title="Pinkman - Original 50ml">
																			

<div class="rating-stars rating-stars--10" title="In 0 Rezensionen durchschnittlich mit -1 bewertet">
	<span class="gm-star"></span>
	<span class="gm-star"></span>
	<span class="gm-star"></span>
	<span class="gm-star"></span>
	<span class="gm-star"></span>
	<div class="rating-stars-mask">
		<div class="rating-stars-inside">
			<span class="gm-star"></span>
			<span class="gm-star"></span>
			<span class="gm-star"></span>
			<span class="gm-star"></span>
			<span class="gm-star"></span>
		</div>
	</div>
</div>
																	</span>
							</div>
						
						

													<div class="shipping hidden-grid">
								<div class="shipping-info-short">
									Lieferzeit:
																		2-5 Tage
								</div>
							</div><!-- // .shipping -->
												
					</div><!-- // .title-description -->

					<div class="price-tax">

						<div class="price">
							<span class="current-price-container" title="Pinkman - Original 50ml">
								 23,00 EUR<br><span class="gm_products_vpe products-vpe"> 46,00 EUR pro 100ml</span>							</span>
						</div>

						<div class="cart-error-msg alert alert-danger hidden" role="alert"></div>

					</div><!-- // .price-tax -->


				</div><!-- // .content-container-inner -->

			</div><!-- // .content-container -->

		</div><!-- // .inside -->

	</form>

	
</div><!-- // .product-container -->

				
					
					
					





<div class="product-container swiper-slide " data-index="new-products-1179">

	<form>

		<div class="inside">
			<div class="content-container">
				<div class="content-container-inner">

					<figure class="image" id="new-products-1179_img">
																				<span title="Heisenberg - Original 50ml" class="product-hover-main-image product-image" style="background-image: url('images/product_images/info_images/heisenberg_short2.png')">

							</span>

						
						
						
													<div class="ribbons">
						<div class="ribbon-recommendation">
				<span>TOP</span>
			</div>
			</div>
						
					</figure>

					<div class="title-description">

						<div class="title">
							<a href="http://www.hs-dampfer.de/Liquid/Vampire-Vape/koncept-xix/heisenberg-original-50ml.html" title="Heisenberg - Original 50ml" class="product-url">
								Heisenberg - Original 50ml
							</a>
						</div>

													<div class="hidden-list">
								<span title="Heisenberg - Original 50ml">
																			

<div class="rating-stars rating-stars--10" title="In 0 Rezensionen durchschnittlich mit -1 bewertet">
	<span class="gm-star"></span>
	<span class="gm-star"></span>
	<span class="gm-star"></span>
	<span class="gm-star"></span>
	<span class="gm-star"></span>
	<div class="rating-stars-mask">
		<div class="rating-stars-inside">
			<span class="gm-star"></span>
			<span class="gm-star"></span>
			<span class="gm-star"></span>
			<span class="gm-star"></span>
			<span class="gm-star"></span>
		</div>
	</div>
</div>
																	</span>
							</div>
						
						

													<div class="shipping hidden-grid">
								<div class="shipping-info-short">
									Lieferzeit:
																		2-5 Tage
								</div>
							</div><!-- // .shipping -->
												
					</div><!-- // .title-description -->

					<div class="price-tax">

						<div class="price">
							<span class="current-price-container" title="Heisenberg - Original 50ml">
								 23,00 EUR<br><span class="gm_products_vpe products-vpe"> 46,00 EUR pro 100ml</span>							</span>
						</div>

						<div class="cart-error-msg alert alert-danger hidden" role="alert"></div>

					</div><!-- // .price-tax -->


				</div><!-- // .content-container-inner -->

			</div><!-- // .content-container -->

		</div><!-- // .inside -->

	</form>

	
</div><!-- // .product-container -->

				
					
					
					





<div class="product-container swiper-slide " data-index="new-products-1156">

	<form>

		<div class="inside">
			<div class="content-container">
				<div class="content-container-inner">

					<figure class="image" id="new-products-1156_img">
																				<span title="NOS G-Force Liquid 50ml" class="product-hover-main-image product-image" style="background-image: url('images/product_images/info_images/nos1.jpg')">

							</span>

						
						
						
													<div class="ribbons">
						<div class="ribbon-recommendation">
				<span>TOP</span>
			</div>
								<div class="ribbon-special">
				<span>-20%</span>
			</div>
			</div>
						
					</figure>

					<div class="title-description">

						<div class="title">
							<a href="http://www.hs-dampfer.de/sonderangebote/nos-g-force-liquid-50ml.html" title="NOS G-Force Liquid 50ml" class="product-url">
								NOS G-Force Liquid 50ml
							</a>
						</div>

													<div class="hidden-list">
								<span title="NOS G-Force Liquid 50ml">
																			

<div class="rating-stars rating-stars--10" title="In 0 Rezensionen durchschnittlich mit -1 bewertet">
	<span class="gm-star"></span>
	<span class="gm-star"></span>
	<span class="gm-star"></span>
	<span class="gm-star"></span>
	<span class="gm-star"></span>
	<div class="rating-stars-mask">
		<div class="rating-stars-inside">
			<span class="gm-star"></span>
			<span class="gm-star"></span>
			<span class="gm-star"></span>
			<span class="gm-star"></span>
			<span class="gm-star"></span>
		</div>
	</div>
</div>
																	</span>
							</div>
						
						

													<div class="shipping hidden-grid">
								<div class="shipping-info-short">
									Lieferzeit:
																		2-5 Tage
								</div>
							</div><!-- // .shipping -->
												
					</div><!-- // .title-description -->

					<div class="price-tax">

						<div class="price">
							<span class="current-price-container" title="NOS G-Force Liquid 50ml">
								<span class="productOldPrice">Unser bisheriger Preis 24,99 EUR</span><br>jetzt nur 19,99 EUR<br><span class="gm_products_vpe products-vpe"> 39,98 EUR pro 100ml</span>							</span>
						</div>

						<div class="cart-error-msg alert alert-danger hidden" role="alert"></div>

					</div><!-- // .price-tax -->


				</div><!-- // .content-container-inner -->

			</div><!-- // .content-container -->

		</div><!-- // .inside -->

	</form>

	
</div><!-- // .product-container -->

					
				<div class="js-new-products-pagination swiper-pagination"></div>
	
			</div>
	
			<template>
				
				
					{{#.}}
						<div class="swiper-slide {{className}}">
							<div class="swiper-slide-inside">
								<img class="img-responsive" {{{srcattr}}}="" alt="{{title}}" title="{{title}}" data-magnifier-src="{{src}}">
							</div>
						</div>
					{{/.}}
				
				
			</template>
	
		</div>
	
		<div class="js-new-products-button-prev swiper-button-prev"></div>
		<div class="js-new-products-button-next swiper-button-next"></div>
	
	</div>

</div>







	<h3>Angebote</h3>

	
	
					
	<div class="productlist productlist-swiper row">

	<div>
		<div id="specials" class="swiper-container" data-swiper-auto-off="true" data-swiper-slider-options="{&quot;spaceBetween&quot;:0,&quot;loop&quot;:true,&quot;slidesPerView&quot;:4,&quot;autoplay&quot;:null,&quot;breakpoints&quot;:[{&quot;breakpoint&quot;:40,&quot;usePreviewBullets&quot;:true,&quot;slidesPerView&quot;:2,&quot;centeredSlides&quot;:true},{&quot;breakpoint&quot;:60,&quot;usePreviewBullets&quot;:true,&quot;slidesPerView&quot;:2},{&quot;breakpoint&quot;:80,&quot;usePreviewBullets&quot;:true,&quot;slidesPerView&quot;:3},{&quot;breakpoint&quot;:100,&quot;usePreviewBullets&quot;:true,&quot;slidesPerView&quot;:4}],&quot;nextButton&quot;:&quot;.js-specials-button-next&quot;,&quot;prevButton&quot;:&quot;.js-specials-button-prev&quot;,&quot;pagination&quot;:&quot;.js-specials-pagination&quot;}">
			<div class="swiper-wrapper">

				
					
					
					





<div class="product-container swiper-slide " data-index="specials-1155">

	<form>

		<div class="inside">
			<div class="content-container">
				<div class="content-container-inner">

					<figure class="image" id="specials-1155_img">
																				<span title="NOS Black Forrest Liquid 50ml" class="product-hover-main-image product-image" style="background-image: url('images/product_images/info_images/nos2.jpg')">

							</span>

						
						
						
													<div class="ribbons">
						<div class="ribbon-recommendation">
				<span>TOP</span>
			</div>
								<div class="ribbon-special">
				<span>-20%</span>
			</div>
			</div>
						
					</figure>

					<div class="title-description">

						<div class="title">
							<a href="http://www.hs-dampfer.de/sonderangebote/nos-black-forrest-liquid-50ml.html" title="NOS Black Forrest Liquid 50ml" class="product-url">
								NOS Black Forrest Liquid 50ml
							</a>
						</div>

													<div class="hidden-list">
								<span title="NOS Black Forrest Liquid 50ml">
																			

<div class="rating-stars rating-stars--10" title="In 0 Rezensionen durchschnittlich mit -1 bewertet">
	<span class="gm-star"></span>
	<span class="gm-star"></span>
	<span class="gm-star"></span>
	<span class="gm-star"></span>
	<span class="gm-star"></span>
	<div class="rating-stars-mask">
		<div class="rating-stars-inside">
			<span class="gm-star"></span>
			<span class="gm-star"></span>
			<span class="gm-star"></span>
			<span class="gm-star"></span>
			<span class="gm-star"></span>
		</div>
	</div>
</div>
																	</span>
							</div>
						
						

													<div class="shipping hidden-grid">
								<div class="shipping-info-short">
									Lieferzeit:
																		2-5 Tage
								</div>
							</div><!-- // .shipping -->
												
					</div><!-- // .title-description -->

					<div class="price-tax">

						<div class="price">
							<span class="current-price-container" title="NOS Black Forrest Liquid 50ml">
								<span class="productOldPrice">Unser bisheriger Preis 24,99 EUR</span><br>jetzt nur 19,99 EUR<br><span class="gm_products_vpe products-vpe"> 39,98 EUR pro 100ml</span>							</span>
						</div>

						<div class="cart-error-msg alert alert-danger hidden" role="alert"></div>

					</div><!-- // .price-tax -->


				</div><!-- // .content-container-inner -->

			</div><!-- // .content-container -->

		</div><!-- // .inside -->

	</form>

	
</div><!-- // .product-container -->

				
					
					
					





<div class="product-container swiper-slide " data-index="specials-988">

	<form>

		<div class="inside">
			<div class="content-container">
				<div class="content-container-inner">

					<figure class="image" id="specials-988_img">
																				<span title="Heisenberg White 10ml - Vlads VG" class="product-hover-main-image product-image" style="background-image: url('images/product_images/info_images/heisenberg_white.jpg')">

							</span>

						
						
						
													<div class="ribbons">
						<div class="ribbon-special">
				<span>-29%</span>
			</div>
			</div>
						
					</figure>

					<div class="title-description">

						<div class="title">
							<a href="http://www.hs-dampfer.de/Liquid/Vampire-Vape/vampire-vape-vlads-vg/heisenberg-white-10ml-vlads-vg.html" title="Heisenberg White 10ml - Vlads VG" class="product-url">
								Heisenberg White 10ml - Vlads VG
							</a>
						</div>

													<div class="hidden-list">
								<span title="Heisenberg White 10ml - Vlads VG">
																			

<div class="rating-stars rating-stars--10" title="In 0 Rezensionen durchschnittlich mit -1 bewertet">
	<span class="gm-star"></span>
	<span class="gm-star"></span>
	<span class="gm-star"></span>
	<span class="gm-star"></span>
	<span class="gm-star"></span>
	<div class="rating-stars-mask">
		<div class="rating-stars-inside">
			<span class="gm-star"></span>
			<span class="gm-star"></span>
			<span class="gm-star"></span>
			<span class="gm-star"></span>
			<span class="gm-star"></span>
		</div>
	</div>
</div>
																	</span>
							</div>
						
						

													<div class="shipping hidden-grid">
								<div class="shipping-info-short">
									Lieferzeit:
																		1-3 Tage
								</div>
							</div><!-- // .shipping -->
												
					</div><!-- // .title-description -->

					<div class="price-tax">

						<div class="price">
							<span class="current-price-container" title="Heisenberg White 10ml - Vlads VG">
								<span class="productOldPrice">Unser bisheriger Preis 4,99 EUR</span><br>jetzt nur 3,50 EUR<br><span class="gm_products_vpe products-vpe"> 35,00 EUR pro 100ml</span>							</span>
						</div>

						<div class="cart-error-msg alert alert-danger hidden" role="alert"></div>

					</div><!-- // .price-tax -->


				</div><!-- // .content-container-inner -->

			</div><!-- // .content-container -->

		</div><!-- // .inside -->

	</form>

	
</div><!-- // .product-container -->

				
					
					
					





<div class="product-container swiper-slide " data-index="specials-986">

	<form>

		<div class="inside">
			<div class="content-container">
				<div class="content-container-inner">

					<figure class="image" id="specials-986_img">
																				<span title="Blue Gun 10ml - Vlads VG" class="product-hover-main-image product-image" style="background-image: url('images/product_images/info_images/blue_gun.jpg')">

							</span>

						
						
						
													<div class="ribbons">
						<div class="ribbon-special">
				<span>-29%</span>
			</div>
			</div>
						
					</figure>

					<div class="title-description">

						<div class="title">
							<a href="http://www.hs-dampfer.de/Liquid/Vampire-Vape/vampire-vape-vlads-vg/blue-gun-10ml-vlads-vg.html" title="Blue Gun 10ml - Vlads VG" class="product-url">
								Blue Gun 10ml - Vlads VG
							</a>
						</div>

													<div class="hidden-list">
								<span title="Blue Gun 10ml - Vlads VG">
																			

<div class="rating-stars rating-stars--10" title="In 0 Rezensionen durchschnittlich mit -1 bewertet">
	<span class="gm-star"></span>
	<span class="gm-star"></span>
	<span class="gm-star"></span>
	<span class="gm-star"></span>
	<span class="gm-star"></span>
	<div class="rating-stars-mask">
		<div class="rating-stars-inside">
			<span class="gm-star"></span>
			<span class="gm-star"></span>
			<span class="gm-star"></span>
			<span class="gm-star"></span>
			<span class="gm-star"></span>
		</div>
	</div>
</div>
																	</span>
							</div>
						
						

													<div class="shipping hidden-grid">
								<div class="shipping-info-short">
									Lieferzeit:
																		1-3 Tage
								</div>
							</div><!-- // .shipping -->
												
					</div><!-- // .title-description -->

					<div class="price-tax">

						<div class="price">
							<span class="current-price-container" title="Blue Gun 10ml - Vlads VG">
								<span class="productOldPrice">Unser bisheriger Preis 4,99 EUR</span><br>jetzt nur 3,50 EUR<br><span class="gm_products_vpe products-vpe"> 35,00 EUR pro 100ml</span>							</span>
						</div>

						<div class="cart-error-msg alert alert-danger hidden" role="alert"></div>

					</div><!-- // .price-tax -->


				</div><!-- // .content-container-inner -->

			</div><!-- // .content-container -->

		</div><!-- // .inside -->

	</form>

	
</div><!-- // .product-container -->

				
					
					
					





<div class="product-container swiper-slide " data-index="specials-984">

	<form>

		<div class="inside">
			<div class="content-container">
				<div class="content-container-inner">

					<figure class="image" id="specials-984_img">
																				<span title="Attraction Sub Zero 10ml - Vlads VG" class="product-hover-main-image product-image" style="background-image: url('images/product_images/info_images/attraction_sub_zero.jpg')">

							</span>

						
						
						
													<div class="ribbons">
						<div class="ribbon-special">
				<span>-29%</span>
			</div>
			</div>
						
					</figure>

					<div class="title-description">

						<div class="title">
							<a href="http://www.hs-dampfer.de/Liquid/Vampire-Vape/vampire-vape-vlads-vg/attraction-sub-zero-10ml-vlads-vg.html" title="Attraction Sub Zero 10ml - Vlads VG" class="product-url">
								Attraction Sub Zero 10ml - Vlads VG
							</a>
						</div>

													<div class="hidden-list">
								<span title="Attraction Sub Zero 10ml - Vlads VG">
																			

<div class="rating-stars rating-stars--10" title="In 0 Rezensionen durchschnittlich mit -1 bewertet">
	<span class="gm-star"></span>
	<span class="gm-star"></span>
	<span class="gm-star"></span>
	<span class="gm-star"></span>
	<span class="gm-star"></span>
	<div class="rating-stars-mask">
		<div class="rating-stars-inside">
			<span class="gm-star"></span>
			<span class="gm-star"></span>
			<span class="gm-star"></span>
			<span class="gm-star"></span>
			<span class="gm-star"></span>
		</div>
	</div>
</div>
																	</span>
							</div>
						
						

													<div class="shipping hidden-grid">
								<div class="shipping-info-short">
									Lieferzeit:
																		1-3 Tage
								</div>
							</div><!-- // .shipping -->
												
					</div><!-- // .title-description -->

					<div class="price-tax">

						<div class="price">
							<span class="current-price-container" title="Attraction Sub Zero 10ml - Vlads VG">
								<span class="productOldPrice">Unser bisheriger Preis 4,99 EUR</span><br>jetzt nur 3,50 EUR<br><span class="gm_products_vpe products-vpe"> 35,00 EUR pro 100ml</span>							</span>
						</div>

						<div class="cart-error-msg alert alert-danger hidden" role="alert"></div>

					</div><!-- // .price-tax -->


				</div><!-- // .content-container-inner -->

			</div><!-- // .content-container -->

		</div><!-- // .inside -->

	</form>

	
</div><!-- // .product-container -->

				
					
					
					





<div class="product-container swiper-slide " data-index="specials-985">

	<form>

		<div class="inside">
			<div class="content-container">
				<div class="content-container-inner">

					<figure class="image" id="specials-985_img">
																				<span title="Black Ice Breaking Point 10ml - Vlads VG" class="product-hover-main-image product-image" style="background-image: url('images/product_images/info_images/black_ice_breaking_point.jpg')">

							</span>

						
						
						
													<div class="ribbons">
						<div class="ribbon-special">
				<span>-29%</span>
			</div>
			</div>
						
					</figure>

					<div class="title-description">

						<div class="title">
							<a href="http://www.hs-dampfer.de/Liquid/Vampire-Vape/vampire-vape-vlads-vg/black-ice-breaking-point-10ml-vlads-vg.html" title="Black Ice Breaking Point 10ml - Vlads VG" class="product-url">
								Black Ice Breaking Point 10ml - Vlads VG
							</a>
						</div>

													<div class="hidden-list">
								<span title="Black Ice Breaking Point 10ml - Vlads VG">
																			

<div class="rating-stars rating-stars--10" title="In 0 Rezensionen durchschnittlich mit -1 bewertet">
	<span class="gm-star"></span>
	<span class="gm-star"></span>
	<span class="gm-star"></span>
	<span class="gm-star"></span>
	<span class="gm-star"></span>
	<div class="rating-stars-mask">
		<div class="rating-stars-inside">
			<span class="gm-star"></span>
			<span class="gm-star"></span>
			<span class="gm-star"></span>
			<span class="gm-star"></span>
			<span class="gm-star"></span>
		</div>
	</div>
</div>
																	</span>
							</div>
						
						

													<div class="shipping hidden-grid">
								<div class="shipping-info-short">
									Lieferzeit:
																		1-3 Tage
								</div>
							</div><!-- // .shipping -->
												
					</div><!-- // .title-description -->

					<div class="price-tax">

						<div class="price">
							<span class="current-price-container" title="Black Ice Breaking Point 10ml - Vlads VG">
								<span class="productOldPrice">Unser bisheriger Preis 4,99 EUR</span><br>jetzt nur 3,50 EUR<br><span class="gm_products_vpe products-vpe"> 35,00 EUR pro 100ml</span>							</span>
						</div>

						<div class="cart-error-msg alert alert-danger hidden" role="alert"></div>

					</div><!-- // .price-tax -->


				</div><!-- // .content-container-inner -->

			</div><!-- // .content-container -->

		</div><!-- // .inside -->

	</form>

	
</div><!-- // .product-container -->

				
					
					
					





<div class="product-container swiper-slide  has-gallery" data-index="specials-802">

	<form>

		<div class="inside">
			<div class="content-container">
				<div class="content-container-inner">

					<figure class="image" id="specials-802_img">
																				<span title="Kangertech Subtank Mini Glastank" class="product-hover-main-image product-image" style="background-image: url('images/product_images/info_images/2cd1cf0d7f3bb860ff0050f367b26763.jpg')">

							</span>

						
						
						
													<div class="ribbons">
						<div class="ribbon-special">
				<span>-66%</span>
			</div>
			</div>
						
					</figure>

					<div class="title-description">

						<div class="title">
							<a href="http://www.hs-dampfer.de/Clearomizer-Dual-Coil-Tank/Kanger/Kangertech-Subtank-Mini-Glastank.html" title="Kangertech Subtank Mini Glastank" class="product-url">
								Kangertech Subtank Mini Glastank
							</a>
						</div>

													<div class="hidden-list">
								<span title="Kangertech Subtank Mini Glastank">
																			

<div class="rating-stars rating-stars--10" title="In 0 Rezensionen durchschnittlich mit -1 bewertet">
	<span class="gm-star"></span>
	<span class="gm-star"></span>
	<span class="gm-star"></span>
	<span class="gm-star"></span>
	<span class="gm-star"></span>
	<div class="rating-stars-mask">
		<div class="rating-stars-inside">
			<span class="gm-star"></span>
			<span class="gm-star"></span>
			<span class="gm-star"></span>
			<span class="gm-star"></span>
			<span class="gm-star"></span>
		</div>
	</div>
</div>
																	</span>
							</div>
						
						

													<div class="shipping hidden-grid">
								<div class="shipping-info-short">
									Lieferzeit:
																		1-3 Tage
								</div>
							</div><!-- // .shipping -->
												
					</div><!-- // .title-description -->

					<div class="price-tax">

						<div class="price">
							<span class="current-price-container" title="Kangertech Subtank Mini Glastank">
								<span class="productOldPrice">Unser bisheriger Preis 2,99 EUR</span><br>jetzt nur 0,99 EUR							</span>
						</div>

						<div class="cart-error-msg alert alert-danger hidden" role="alert"></div>

					</div><!-- // .price-tax -->


				</div><!-- // .content-container-inner -->

			</div><!-- // .content-container -->

		</div><!-- // .inside -->

	</form>

			<ul class="gallery">
			
			
				
				
				<li class="thumbnails">
					<span class="align-helper"></span>
					<img class="img-responsive spinner" data-src="images/product_images/info_images/5042g-3.jpg" data-thumb-src="images/product_images/thumbnail_images/5042g-3.jpg" src="templates/Honeygrid/assets/images/loading.gif" alt="Kangertech Subtank Mini Glastank" title="Kangertech Subtank Mini Glastank">
				</li>

			
				
				
				<li class="thumbnails">
					<span class="align-helper"></span>
					<img class="img-responsive spinner" data-src="images/product_images/info_images/2cd1cf0d7f3bb860ff0050f367b26763.jpg" data-thumb-src="images/product_images/thumbnail_images/2cd1cf0d7f3bb860ff0050f367b26763.jpg" src="templates/Honeygrid/assets/images/loading.gif" alt="Kangertech Subtank Mini Glastank" title="Kangertech Subtank Mini Glastank">
				</li>

					</ul>
	
</div><!-- // .product-container -->

				
					
					
					





<div class="product-container swiper-slide " data-index="specials-983">

	<form>

		<div class="inside">
			<div class="content-container">
				<div class="content-container-inner">

					<figure class="image" id="specials-983_img">
																				<span title="Raspberry Blast 10ml - Vlads VG" class="product-hover-main-image product-image" style="background-image: url('images/product_images/info_images/raspberry_blast.jpg')">

							</span>

						
						
						
													<div class="ribbons">
						<div class="ribbon-special">
				<span>-29%</span>
			</div>
			</div>
						
					</figure>

					<div class="title-description">

						<div class="title">
							<a href="http://www.hs-dampfer.de/Liquid/Vampire-Vape/vampire-vape-vlads-vg/raspberry-blast-10ml-vlads-vg.html" title="Raspberry Blast 10ml - Vlads VG" class="product-url">
								Raspberry Blast 10ml - Vlads VG
							</a>
						</div>

													<div class="hidden-list">
								<span title="Raspberry Blast 10ml - Vlads VG">
																			

<div class="rating-stars rating-stars--10" title="In 0 Rezensionen durchschnittlich mit -1 bewertet">
	<span class="gm-star"></span>
	<span class="gm-star"></span>
	<span class="gm-star"></span>
	<span class="gm-star"></span>
	<span class="gm-star"></span>
	<div class="rating-stars-mask">
		<div class="rating-stars-inside">
			<span class="gm-star"></span>
			<span class="gm-star"></span>
			<span class="gm-star"></span>
			<span class="gm-star"></span>
			<span class="gm-star"></span>
		</div>
	</div>
</div>
																	</span>
							</div>
						
						

													<div class="shipping hidden-grid">
								<div class="shipping-info-short">
									Lieferzeit:
																		1-3 Tage
								</div>
							</div><!-- // .shipping -->
												
					</div><!-- // .title-description -->

					<div class="price-tax">

						<div class="price">
							<span class="current-price-container" title="Raspberry Blast 10ml - Vlads VG">
								<span class="productOldPrice">Unser bisheriger Preis 4,99 EUR</span><br>jetzt nur 3,50 EUR<br><span class="gm_products_vpe products-vpe"> 35,00 EUR pro 100ml</span>							</span>
						</div>

						<div class="cart-error-msg alert alert-danger hidden" role="alert"></div>

					</div><!-- // .price-tax -->


				</div><!-- // .content-container-inner -->

			</div><!-- // .content-container -->

		</div><!-- // .inside -->

	</form>

	
</div><!-- // .product-container -->

				
					
					
					





<div class="product-container swiper-slide " data-index="specials-494">

	<form>

		<div class="inside">
			<div class="content-container">
				<div class="content-container-inner">

					<figure class="image" id="specials-494_img">
																				<span title="eGo-Mini 450 mAh" class="product-hover-main-image product-image" style="background-image: url('images/product_images/info_images/2013_.jpg')">

							</span>

						
						
						
													<div class="ribbons">
						<div class="ribbon-special">
				<span>-50%</span>
			</div>
			</div>
						
					</figure>

					<div class="title-description">

						<div class="title">
							<a href="http://www.hs-dampfer.de/Zubehoer/akkus-205/eGo-Mini/eGo-Mini-350-mAh.html" title="eGo-Mini 450 mAh" class="product-url">
								eGo-Mini 450 mAh
							</a>
						</div>

													<div class="hidden-list">
								<span title="eGo-Mini 450 mAh">
																			

<div class="rating-stars rating-stars--10" title="In 0 Rezensionen durchschnittlich mit -1 bewertet">
	<span class="gm-star"></span>
	<span class="gm-star"></span>
	<span class="gm-star"></span>
	<span class="gm-star"></span>
	<span class="gm-star"></span>
	<div class="rating-stars-mask">
		<div class="rating-stars-inside">
			<span class="gm-star"></span>
			<span class="gm-star"></span>
			<span class="gm-star"></span>
			<span class="gm-star"></span>
			<span class="gm-star"></span>
		</div>
	</div>
</div>
																	</span>
							</div>
						
						

													<div class="shipping hidden-grid">
								<div class="shipping-info-short">
									Lieferzeit:
																		1-3 Tage
								</div>
							</div><!-- // .shipping -->
												
					</div><!-- // .title-description -->

					<div class="price-tax">

						<div class="price">
							<span class="current-price-container" title="eGo-Mini 450 mAh">
								<span class="productOldPrice">Unser bisheriger Preis 5,99 EUR</span><br>jetzt nur 2,99 EUR							</span>
						</div>

						<div class="cart-error-msg alert alert-danger hidden" role="alert"></div>

					</div><!-- // .price-tax -->


				</div><!-- // .content-container-inner -->

			</div><!-- // .content-container -->

		</div><!-- // .inside -->

	</form>

	
</div><!-- // .product-container -->

					
				<div class="js-specials-pagination swiper-pagination"></div>
	
			</div>
	
			<template>
				
				
					{{#.}}
						<div class="swiper-slide {{className}}">
							<div class="swiper-slide-inside">
								<img class="img-responsive" {{{srcattr}}}="" alt="{{title}}" title="{{title}}" data-magnifier-src="{{src}}">
							</div>
						</div>
					{{/.}}
				
				
			</template>
	
		</div>
	
		<div class="js-specials-button-prev swiper-button-prev"></div>
		<div class="js-specials-button-next swiper-button-next"></div>
	
	</div>

</div>



					
<!-- #BOF YOOCHOOSE -->
<!-- #EOF YOOCHOOSE -->
					
 


	
	
	<h3>Neue Artikel</h3>

				
		<div class="productlist productlist-viewmode productlist-viewmode-grid row">

	
		
		

		





<div class="product-container swiper-slide " data-index="new-products-main-1219">

	<form>

		<div class="inside">
			<div class="content-container">
				<div class="content-container-inner">

					<figure class="image" id="new-products-main-1219_img">
																				<span title="Tobgold Ruyan 10ml" class="product-hover-main-image product-image" style="background-image: url('images/product_images/info_images/TobGold_0.jpg')">

							</span>

						
						
						
													<div class="ribbons">
						<div class="ribbon-new">
				<span>NEU</span>
			</div>
			</div>
						
					</figure>

					<div class="title-description">

						<div class="title">
							<a href="http://www.hs-dampfer.de/Liquid/Ruyan-Liquid/Ruyan-Liquid-Tabak/tobgold-ruyan-10ml.html" title="Tobgold Ruyan 10ml" class="product-url">
								Tobgold Ruyan 10ml
							</a>
						</div>

													<div class="hidden-list">
								<span title="Tobgold Ruyan 10ml">
																			

<div class="rating-stars rating-stars-50" title="In 2 Rezensionen durchschnittlich mit 5 bewertet">
	<span class="gm-star"></span>
	<span class="gm-star"></span>
	<span class="gm-star"></span>
	<span class="gm-star"></span>
	<span class="gm-star"></span>
	<div class="rating-stars-mask">
		<div class="rating-stars-inside">
			<span class="gm-star"></span>
			<span class="gm-star"></span>
			<span class="gm-star"></span>
			<span class="gm-star"></span>
			<span class="gm-star"></span>
		</div>
	</div>
</div>
																	</span>
							</div>
						
						

													<div class="shipping hidden-grid">
								<div class="shipping-info-short">
									Lieferzeit:
																		1-3 Tage
								</div>
							</div><!-- // .shipping -->
												
					</div><!-- // .title-description -->

					<div class="price-tax">

						<div class="price">
							<span class="current-price-container" title="Tobgold Ruyan 10ml">
								 4,99 EUR<br><span class="gm_products_vpe products-vpe"> 49,90 EUR pro 100ml</span>							</span>
						</div>

						<div class="cart-error-msg alert alert-danger hidden" role="alert"></div>

					</div><!-- // .price-tax -->


				</div><!-- // .content-container-inner -->

			</div><!-- // .content-container -->

		</div><!-- // .inside -->

	</form>

	
</div><!-- // .product-container -->

	
		
		

		





<div class="product-container swiper-slide " data-index="new-products-main-1220">

	<form>

		<div class="inside">
			<div class="content-container">
				<div class="content-container-inner">

					<figure class="image" id="new-products-main-1220_img">
																				<span title="USA Mix Ruyan 10ml" class="product-hover-main-image product-image" style="background-image: url('images/product_images/info_images/TobGold_1.jpg')">

							</span>

						
						
						
													<div class="ribbons">
						<div class="ribbon-new">
				<span>NEU</span>
			</div>
			</div>
						
					</figure>

					<div class="title-description">

						<div class="title">
							<a href="http://www.hs-dampfer.de/Liquid/Ruyan-Liquid/Ruyan-Liquid-Tabak/usa-mix-ruyan-10ml.html" title="USA Mix Ruyan 10ml" class="product-url">
								USA Mix Ruyan 10ml
							</a>
						</div>

													<div class="hidden-list">
								<span title="USA Mix Ruyan 10ml">
																			

<div class="rating-stars rating-stars--10" title="In 0 Rezensionen durchschnittlich mit -1 bewertet">
	<span class="gm-star"></span>
	<span class="gm-star"></span>
	<span class="gm-star"></span>
	<span class="gm-star"></span>
	<span class="gm-star"></span>
	<div class="rating-stars-mask">
		<div class="rating-stars-inside">
			<span class="gm-star"></span>
			<span class="gm-star"></span>
			<span class="gm-star"></span>
			<span class="gm-star"></span>
			<span class="gm-star"></span>
		</div>
	</div>
</div>
																	</span>
							</div>
						
						

													<div class="shipping hidden-grid">
								<div class="shipping-info-short">
									Lieferzeit:
																		1-3 Tage
								</div>
							</div><!-- // .shipping -->
												
					</div><!-- // .title-description -->

					<div class="price-tax">

						<div class="price">
							<span class="current-price-container" title="USA Mix Ruyan 10ml">
								 4,99 EUR<br><span class="gm_products_vpe products-vpe"> 49,90 EUR pro 100ml</span>							</span>
						</div>

						<div class="cart-error-msg alert alert-danger hidden" role="alert"></div>

					</div><!-- // .price-tax -->


				</div><!-- // .content-container-inner -->

			</div><!-- // .content-container -->

		</div><!-- // .inside -->

	</form>

	
</div><!-- // .product-container -->

	
		
		

		





<div class="product-container swiper-slide " data-index="new-products-main-1223">

	<form>

		<div class="inside">
			<div class="content-container">
				<div class="content-container-inner">

					<figure class="image" id="new-products-main-1223_img">
																				<span title="Cherry Menthol Ruyan 10ml" class="product-hover-main-image product-image" style="background-image: url('images/product_images/info_images/cherrym.jpg')">

							</span>

						
						
						
													<div class="ribbons">
						<div class="ribbon-new">
				<span>NEU</span>
			</div>
			</div>
						
					</figure>

					<div class="title-description">

						<div class="title">
							<a href="http://www.hs-dampfer.de/Liquid/Ruyan-Liquid/Ruyan-Liquid-Frucht/cherry-menthol-ruyan-10ml.html" title="Cherry Menthol Ruyan 10ml" class="product-url">
								Cherry Menthol Ruyan 10ml
							</a>
						</div>

													<div class="hidden-list">
								<span title="Cherry Menthol Ruyan 10ml">
																			

<div class="rating-stars rating-stars--10" title="In 0 Rezensionen durchschnittlich mit -1 bewertet">
	<span class="gm-star"></span>
	<span class="gm-star"></span>
	<span class="gm-star"></span>
	<span class="gm-star"></span>
	<span class="gm-star"></span>
	<div class="rating-stars-mask">
		<div class="rating-stars-inside">
			<span class="gm-star"></span>
			<span class="gm-star"></span>
			<span class="gm-star"></span>
			<span class="gm-star"></span>
			<span class="gm-star"></span>
		</div>
	</div>
</div>
																	</span>
							</div>
						
						

													<div class="shipping hidden-grid">
								<div class="shipping-info-short">
									Lieferzeit:
																		1-3 Tage
								</div>
							</div><!-- // .shipping -->
												
					</div><!-- // .title-description -->

					<div class="price-tax">

						<div class="price">
							<span class="current-price-container" title="Cherry Menthol Ruyan 10ml">
								 4,99 EUR<br><span class="gm_products_vpe products-vpe"> 49,90 EUR pro 100ml</span>							</span>
						</div>

						<div class="cart-error-msg alert alert-danger hidden" role="alert"></div>

					</div><!-- // .price-tax -->


				</div><!-- // .content-container-inner -->

			</div><!-- // .content-container -->

		</div><!-- // .inside -->

	</form>

	
</div><!-- // .product-container -->

	
		
		

		





<div class="product-container swiper-slide " data-index="new-products-main-1218">

	<form>

		<div class="inside">
			<div class="content-container">
				<div class="content-container-inner">

					<figure class="image" id="new-products-main-1218_img">
																				<span title="Desert Ruyan 10ml" class="product-hover-main-image product-image" style="background-image: url('images/product_images/info_images/TobGold.jpg')">

							</span>

						
						
						
													<div class="ribbons">
						<div class="ribbon-new">
				<span>NEU</span>
			</div>
			</div>
						
					</figure>

					<div class="title-description">

						<div class="title">
							<a href="http://www.hs-dampfer.de/Liquid/Ruyan-Liquid/Ruyan-Liquid-Tabak/desert-ruyan-10ml.html" title="Desert Ruyan 10ml" class="product-url">
								Desert Ruyan 10ml
							</a>
						</div>

													<div class="hidden-list">
								<span title="Desert Ruyan 10ml">
																			

<div class="rating-stars rating-stars--10" title="In 0 Rezensionen durchschnittlich mit -1 bewertet">
	<span class="gm-star"></span>
	<span class="gm-star"></span>
	<span class="gm-star"></span>
	<span class="gm-star"></span>
	<span class="gm-star"></span>
	<div class="rating-stars-mask">
		<div class="rating-stars-inside">
			<span class="gm-star"></span>
			<span class="gm-star"></span>
			<span class="gm-star"></span>
			<span class="gm-star"></span>
			<span class="gm-star"></span>
		</div>
	</div>
</div>
																	</span>
							</div>
						
						

													<div class="shipping hidden-grid">
								<div class="shipping-info-short">
									Lieferzeit:
																		1-3 Tage
								</div>
							</div><!-- // .shipping -->
												
					</div><!-- // .title-description -->

					<div class="price-tax">

						<div class="price">
							<span class="current-price-container" title="Desert Ruyan 10ml">
								 4,99 EUR<br><span class="gm_products_vpe products-vpe"> 49,90 EUR pro 100ml</span>							</span>
						</div>

						<div class="cart-error-msg alert alert-danger hidden" role="alert"></div>

					</div><!-- // .price-tax -->


				</div><!-- // .content-container-inner -->

			</div><!-- // .content-container -->

		</div><!-- // .inside -->

	</form>

	
</div><!-- // .product-container -->

	
		
		

		





<div class="product-container swiper-slide " data-index="new-products-main-1227">

	<form>

		<div class="inside">
			<div class="content-container">
				<div class="content-container-inner">

					<figure class="image" id="new-products-main-1227_img">
																				<span title="Blaubeere Ruyan 10ml" class="product-hover-main-image product-image" style="background-image: url('images/product_images/info_images/Blueberry_0.jpg')">

							</span>

						
						
						
													<div class="ribbons">
						<div class="ribbon-new">
				<span>NEU</span>
			</div>
			</div>
						
					</figure>

					<div class="title-description">

						<div class="title">
							<a href="http://www.hs-dampfer.de/Liquid/Ruyan-Liquid/Ruyan-Liquid-Frucht/blaubeere-ruyan-10ml.html" title="Blaubeere Ruyan 10ml" class="product-url">
								Blaubeere Ruyan 10ml
							</a>
						</div>

													<div class="hidden-list">
								<span title="Blaubeere Ruyan 10ml">
																			

<div class="rating-stars rating-stars--10" title="In 0 Rezensionen durchschnittlich mit -1 bewertet">
	<span class="gm-star"></span>
	<span class="gm-star"></span>
	<span class="gm-star"></span>
	<span class="gm-star"></span>
	<span class="gm-star"></span>
	<div class="rating-stars-mask">
		<div class="rating-stars-inside">
			<span class="gm-star"></span>
			<span class="gm-star"></span>
			<span class="gm-star"></span>
			<span class="gm-star"></span>
			<span class="gm-star"></span>
		</div>
	</div>
</div>
																	</span>
							</div>
						
						

													<div class="shipping hidden-grid">
								<div class="shipping-info-short">
									Lieferzeit:
																		1-3 Tage
								</div>
							</div><!-- // .shipping -->
												
					</div><!-- // .title-description -->

					<div class="price-tax">

						<div class="price">
							<span class="current-price-container" title="Blaubeere Ruyan 10ml">
								 4,99 EUR<br><span class="gm_products_vpe products-vpe"> 49,90 EUR pro 100ml</span>							</span>
						</div>

						<div class="cart-error-msg alert alert-danger hidden" role="alert"></div>

					</div><!-- // .price-tax -->


				</div><!-- // .content-container-inner -->

			</div><!-- // .content-container -->

		</div><!-- // .inside -->

	</form>

	
</div><!-- // .product-container -->

	
	<template>
		
		
			{{#.}}
				<div class="swiper-slide {{className}}">
					<div class="swiper-slide-inside">
						<img class="img-responsive" {{{srcattr}}}="" alt="{{title}}" title="{{title}}" data-magnifier-src="{{src}}">
					</div>
				</div>
			{{/.}}
		
		
	</template>

</div>



<div class="content-page-index">
		<div class="ts-rating-light ts-rating de_DE skyscraper_horizontal" style="border-color: rgb(42, 62, 131);"><div class="ts-wrapper"><div class="ts-title">Ausgewählte Top-Bewertungen für www.hs-dampfer.de</div><i class="ts-header ts-icon ts-e-trustedshops"></i><div class="ts-reviews"><ul class="ts-reviews-list"><li><div class="ts-review"><div class="ts-review-avatar"><span>&nbsp;</span></div><div class="ts-review-info"><strong>18.12.17</strong></div><div class="ts-review-stars"><div class="ts-stars-small"><span class="ts-stars-fill" data-rating="5.00" style="width: 61px;"></span></div></div><div class="ts-review-text">Sehr schnelle Lieferung und Ware wie immer Top</div></div></li><li><div class="ts-review"><div class="ts-review-avatar"><span>&nbsp;</span></div><div class="ts-review-info"><strong>03.12.17</strong></div><div class="ts-review-stars"><div class="ts-stars-small"><span class="ts-stars-fill" data-rating="5.00" style="width: 61px;"></span></div></div><div class="ts-review-text">Alles bestens schnell geliefert Danke</div></div></li><li><div class="ts-review"><div class="ts-review-avatar"><span>&nbsp;</span></div><div class="ts-review-info"><strong>20.11.17</strong></div><div class="ts-review-stars"><div class="ts-stars-small"><span class="ts-stars-fill" data-rating="5.00" style="width: 61px;"></span></div></div><div class="ts-review-text">Super schnell und zuverlässig</div></div></li><li><div class="ts-review"><div class="ts-review-avatar"><span>&nbsp;</span></div><div class="ts-review-info"><strong>18.11.17</strong></div><div class="ts-review-stars"><div class="ts-stars-small"><span class="ts-stars-fill" data-rating="5.00" style="width: 61px;"></span></div></div><div class="ts-review-text">schnellste Lieferung, gute Ware, ich bin sehr zufrieden und werde wieder dort bestellen.</div></div></li><li><div class="ts-review"><div class="ts-review-avatar"><span>&nbsp;</span></div><div class="ts-review-info"><strong>04.11.17</strong></div><div class="ts-review-stars"><div class="ts-stars-small"><span class="ts-stars-fill" data-rating="5.00" style="width: 61px;"></span></div></div><div class="ts-review-text">Alles gut. Gerne wieder.</div></div></li><li><div class="ts-review"><div class="ts-review-avatar"><span>&nbsp;</span></div><div class="ts-review-info"><strong>28.10.17</strong></div><div class="ts-review-stars"><div class="ts-stars-small"><span class="ts-stars-fill" data-rating="5.00" style="width: 61px;"></span></div></div><div class="ts-review-text">Alles topp,  genauso muss es sein 
Immer wieder gerne  LG,  Familie Eiselstein</div></div></li><li><div class="ts-review"><div class="ts-review-avatar"><span>&nbsp;</span></div><div class="ts-review-info"><strong>25.10.17</strong></div><div class="ts-review-stars"><div class="ts-stars-small"><span class="ts-stars-fill" data-rating="5.00" style="width: 61px;"></span></div></div><div class="ts-review-text">Alles Top und perfekt.</div></div></li><li><div class="ts-review"><div class="ts-review-avatar"><span>&nbsp;</span></div><div class="ts-review-info"><strong>22.10.17</strong></div><div class="ts-review-stars"><div class="ts-stars-small"><span class="ts-stars-fill" data-rating="5.00" style="width: 61px;"></span></div></div><div class="ts-review-text">Alles bestens</div></div></li><li><div class="ts-review"><div class="ts-review-avatar"><span>&nbsp;</span></div><div class="ts-review-info"><strong>18.10.17</strong></div><div class="ts-review-stars"><div class="ts-stars-small"><span class="ts-stars-fill" data-rating="5.00" style="width: 61px;"></span></div></div><div class="ts-review-text">Alles top</div></div></li><li><div class="ts-review"><div class="ts-review-avatar"><span>&nbsp;</span></div><div class="ts-review-info"><strong>03.10.17</strong></div><div class="ts-review-stars"><div class="ts-stars-small"><span class="ts-stars-fill" data-rating="5.00" style="width: 61px;"></span></div></div><div class="ts-review-text">Wie immer Top , immer wieder bestelle ich gerne </div></div></li></ul></div></div><div class="ts-footer" style="background-color: rgb(42, 62, 131);"><a class="footerReviewCount" href="https://www.trustedshops.de/bewertung/info_X426A3D511E63E8056FEC39016BEE4297.html" target="_blank">406 Bewertungen</a><div class="footerArrow"></div></div></div><script type="text/javascript" async="" charset="utf-8" src="//widgets.trustedshops.com/reviews/tsSticker/tsSticker.js"></script><script type="text/javascript">
	_tsRatingConfig = {
		tsid: 'X426A3D511E63E8056FEC39016BEE4297',
		variant: 'skyscraper_horizontal',
		/* valid values: skyscraper_vertical, skyscraper_horizontal, vertical */
		theme: 'light',
		reviews: 10,
		/* default = 10 */
		borderColor: '#2A3E83',
		/* optional - override the border */
		colorclassName: 'test',
		/* optional - override the whole sticker style with your own css class */
		introtext: 'What our customers say about us:'
		/* optional, not used in skyscraper variants */
	};
	var scripts = document.getElementsByTagName('SCRIPT'),
		me = scripts[scripts.length - 1];
	var _ts = document.createElement('SCRIPT');
		_ts.type = 'text/javascript';
		_ts.async = true;
		_ts.charset = 'utf-8';
		_ts.src ='//widgets.trustedshops.com/reviews/tsSticker/tsSticker.js';
	me.parentNode.insertBefore(_ts, me);
	_tsRatingConfig.script = _ts;
</script>
</div>

				</div>
			</div>

			<aside id="left">
								<div id="gm_box_pos_1" class="gm_box_container">

<div class="box box-categories panel panel-default">
	<nav class="navbar-categories-left" data-menu-menu-type="vertical" data-menu-unfold-level="0" data-menu-accordion="true" data-menu-show-all-link="false">
		
		<ul class="level-1 nav">
			

												<li class="dropdown level-1-child" data-id="198">
						<a class="dropdown-toggle " href="http://www.hs-dampfer.de/E-Zigaretten--E-Zigarette/" title="E-Zigaretten/Startersets">
														E-Zigaretten/Startersets						</a>

													<ul data-level="2" class="level-2 dropdown-menu dropdown-menu-child">
								<li class="enter-category">
									<a class="dropdown-toggle" href="http://www.hs-dampfer.de/E-Zigaretten--E-Zigarette/" title="E-Zigaretten/Startersets">alle anzeigen</a>
								</li>

																	<li class="level-2-child" data-id="249">
						<a class="dropdown-toggle " href="http://www.hs-dampfer.de/E-Zigaretten--E-Zigarette/aspire-gusto/" title="Aspire Gusto">
														Aspire Gusto						</a>

						
					</li>
									<li class="dropdown level-2-child" data-id="133">
						<a class="dropdown-toggle " href="http://www.hs-dampfer.de/E-Zigaretten--E-Zigarette/Joyetech-133/" title="Joyetech / Innocigs">
														Joyetech / Innocigs						</a>

													<ul data-level="2" class="level-3 dropdown-menu dropdown-menu-child">
								<li class="enter-category">
									<a class="dropdown-toggle" href="http://www.hs-dampfer.de/E-Zigaretten--E-Zigarette/Joyetech-133/" title="Joyetech / Innocigs">alle anzeigen</a>
								</li>

																	<li class="level-3-child" data-id="193">
						<a class="dropdown-toggle " href="http://www.hs-dampfer.de/E-Zigaretten--E-Zigarette/Joyetech-133/Joyetech-Cuboid-Mini/" title="Joyetech Cuboid Mini">
														Joyetech Cuboid Mini						</a>

						
					</li>
									<li class="level-3-child" data-id="192">
						<a class="dropdown-toggle " href="http://www.hs-dampfer.de/E-Zigaretten--E-Zigarette/Joyetech-133/Joyetech-eGo-AIO/" title="Joyetech eGo AIO">
														Joyetech eGo AIO						</a>

						
					</li>
									<li class="level-3-child" data-id="213">
						<a class="dropdown-toggle " href="http://www.hs-dampfer.de/E-Zigaretten--E-Zigarette/Joyetech-133/joyetech-ego-aio-box/" title="Joyetech eGo AIO Box">
														Joyetech eGo AIO Box						</a>

						
					</li>
									<li class="level-3-child" data-id="44">
						<a class="dropdown-toggle " href="http://www.hs-dampfer.de/E-Zigaretten--E-Zigarette/Joyetech-133/eGo-C-original-Joyetech/" title="Joyetech eGo-C">
														Joyetech eGo-C						</a>

						
					</li>
									<li class="level-3-child" data-id="152">
						<a class="dropdown-toggle " href="http://www.hs-dampfer.de/E-Zigaretten--E-Zigarette/Joyetech-133/Joyetech-eGo-One/" title="Joyetech eGo-One">
														Joyetech eGo-One						</a>

						
					</li>
									<li class="dropdown level-3-child" data-id="8">
						<a class="dropdown-toggle " href="http://www.hs-dampfer.de/E-Zigaretten--E-Zigarette/Joyetech-133/eGo-T-original-Joyetech/" title="Joyetech eGo-T">
														Joyetech eGo-T						</a>

													<ul data-level="2" class="level-4 dropdown-menu dropdown-menu-child">
								<li class="enter-category">
									<a class="dropdown-toggle" href="http://www.hs-dampfer.de/E-Zigaretten--E-Zigarette/Joyetech-133/eGo-T-original-Joyetech/" title="Joyetech eGo-T">alle anzeigen</a>
								</li>

																	<li class="level-4-child" data-id="20">
						<a class="dropdown-toggle " href="http://www.hs-dampfer.de/E-Zigaretten--E-Zigarette/Joyetech-133/eGo-T-original-Joyetech/EGo-T-Mundstuecke---Tanks/" title="eGo-T / eGo-C Mundstücke / Tanks">
														eGo-T / eGo-C Mundstücke / Tanks						</a>

						
					</li>
									<li class="level-4-child" data-id="38">
						<a class="dropdown-toggle " href="http://www.hs-dampfer.de/E-Zigaretten--E-Zigarette/Joyetech-133/eGo-T-original-Joyetech/eGo-T-Ladegeraete/" title="eGo-T Ladegeräte">
														eGo-T Ladegeräte						</a>

						
					</li>
							
							</ul>
						
					</li>
									<li class="level-3-child" data-id="194">
						<a class="dropdown-toggle " href="http://www.hs-dampfer.de/E-Zigaretten--E-Zigarette/Joyetech-133/Joyetech-eGrip-II/" title="Joyetech eGrip II">
														Joyetech eGrip II						</a>

						
					</li>
									<li class="level-3-child" data-id="72">
						<a class="dropdown-toggle " href="http://www.hs-dampfer.de/E-Zigaretten--E-Zigarette/Joyetech-133/Joyetech-eRoll/" title="Joyetech eRoll">
														Joyetech eRoll						</a>

						
					</li>
									<li class="level-3-child" data-id="212">
						<a class="dropdown-toggle " href="http://www.hs-dampfer.de/E-Zigaretten--E-Zigarette/Joyetech-133/joyetech-evic-aio-vt-kit-75-watt/" title="joyetech eVic Aio VT Kit 75 Watt">
														joyetech eVic Aio VT Kit 75 Watt						</a>

						
					</li>
									<li class="level-3-child" data-id="165">
						<a class="dropdown-toggle " href="http://www.hs-dampfer.de/E-Zigaretten--E-Zigarette/Joyetech-133/Joyetech-eVic-VT-Mini/" title="Joyetech eVic VTC / VTwo Mini">
														Joyetech eVic VTC / VTwo Mini						</a>

						
					</li>
							
							</ul>
						
					</li>
									<li class="dropdown level-2-child" data-id="119">
						<a class="dropdown-toggle " href="http://www.hs-dampfer.de/E-Zigaretten--E-Zigarette/Startersets/" title="Startersets">
														Startersets						</a>

													<ul data-level="2" class="level-3 dropdown-menu dropdown-menu-child">
								<li class="enter-category">
									<a class="dropdown-toggle" href="http://www.hs-dampfer.de/E-Zigaretten--E-Zigarette/Startersets/" title="Startersets">alle anzeigen</a>
								</li>

																	<li class="level-3-child" data-id="242">
						<a class="dropdown-toggle " href="http://www.hs-dampfer.de/E-Zigaretten--E-Zigarette/Startersets/aspire/" title="Aspire">
														Aspire						</a>

						
					</li>
									<li class="level-3-child" data-id="234">
						<a class="dropdown-toggle " href="http://www.hs-dampfer.de/E-Zigaretten--E-Zigarette/Startersets/eleaf-234/" title="Eleaf">
														Eleaf						</a>

						
					</li>
									<li class="level-3-child" data-id="235">
						<a class="dropdown-toggle " href="http://www.hs-dampfer.de/E-Zigaretten--E-Zigarette/Startersets/joyetech-innocigs/" title="Joyetech / Innocigs">
														Joyetech / Innocigs						</a>

						
					</li>
									<li class="level-3-child" data-id="240">
						<a class="dropdown-toggle " href="http://www.hs-dampfer.de/E-Zigaretten--E-Zigarette/Startersets/lynden/" title="Lynden">
														Lynden						</a>

						
					</li>
									<li class="level-3-child" data-id="239">
						<a class="dropdown-toggle " href="http://www.hs-dampfer.de/E-Zigaretten--E-Zigarette/Startersets/sc/" title="SC">
														SC						</a>

						
					</li>
									<li class="level-3-child" data-id="236">
						<a class="dropdown-toggle " href="http://www.hs-dampfer.de/E-Zigaretten--E-Zigarette/Startersets/smok/" title="Smok">
														Smok						</a>

						
					</li>
									<li class="level-3-child" data-id="238">
						<a class="dropdown-toggle " href="http://www.hs-dampfer.de/E-Zigaretten--E-Zigarette/Startersets/vaporesso/" title="Vaporesso">
														Vaporesso						</a>

						
					</li>
									<li class="level-3-child" data-id="241">
						<a class="dropdown-toggle " href="http://www.hs-dampfer.de/E-Zigaretten--E-Zigarette/Startersets/vivakita/" title="VivaKita">
														VivaKita						</a>

						
					</li>
									<li class="level-3-child" data-id="246">
						<a class="dropdown-toggle " href="http://www.hs-dampfer.de/E-Zigaretten--E-Zigarette/Startersets/xeo/" title="XEO">
														XEO						</a>

						
					</li>
							
							</ul>
						
					</li>
							
							</ul>
						
					</li>
									<li class="dropdown level-1-child" data-id="121">
						<a class="dropdown-toggle " href="http://www.hs-dampfer.de/Akkutraeger/" title="Akkuträger">
														Akkuträger						</a>

													<ul data-level="2" class="level-2 dropdown-menu dropdown-menu-child">
								<li class="enter-category">
									<a class="dropdown-toggle" href="http://www.hs-dampfer.de/Akkutraeger/" title="Akkuträger">alle anzeigen</a>
								</li>

																	<li class="level-2-child" data-id="248">
						<a class="dropdown-toggle " href="http://www.hs-dampfer.de/Akkutraeger/asmodus/" title="Asmodus">
														Asmodus						</a>

						
					</li>
									<li class="level-2-child" data-id="156">
						<a class="dropdown-toggle " href="http://www.hs-dampfer.de/Akkutraeger/Aspire-156/" title="Aspire">
														Aspire						</a>

						
					</li>
									<li class="level-2-child" data-id="158">
						<a class="dropdown-toggle " href="http://www.hs-dampfer.de/Akkutraeger/Eleaf/" title="Eleaf">
														Eleaf						</a>

						
					</li>
									<li class="level-2-child" data-id="155">
						<a class="dropdown-toggle " href="http://www.hs-dampfer.de/Akkutraeger/Joyetech-155/" title="Joyetech / Innocigs">
														Joyetech / Innocigs						</a>

						
					</li>
									<li class="level-2-child" data-id="169">
						<a class="dropdown-toggle " href="http://www.hs-dampfer.de/Akkutraeger/Smok-169/" title="Smok">
														Smok						</a>

						
					</li>
									<li class="level-2-child" data-id="171">
						<a class="dropdown-toggle " href="http://www.hs-dampfer.de/Akkutraeger/Wismec/" title="Wismec">
														Wismec						</a>

						
					</li>
							
							</ul>
						
					</li>
									<li class="dropdown level-1-child" data-id="51">
						<a class="dropdown-toggle " href="http://www.hs-dampfer.de/Clearomizer-Dual-Coil-Tank/" title="Verdampfer">
														Verdampfer						</a>

													<ul data-level="2" class="level-2 dropdown-menu dropdown-menu-child">
								<li class="enter-category">
									<a class="dropdown-toggle" href="http://www.hs-dampfer.de/Clearomizer-Dual-Coil-Tank/" title="Verdampfer">alle anzeigen</a>
								</li>

																	<li class="level-2-child" data-id="105">
						<a class="dropdown-toggle " href="http://www.hs-dampfer.de/Clearomizer-Dual-Coil-Tank/category-105/" title="Aspire">
														Aspire						</a>

						
					</li>
									<li class="level-2-child" data-id="210">
						<a class="dropdown-toggle " href="http://www.hs-dampfer.de/Clearomizer-Dual-Coil-Tank/eleaf/" title="Eleaf">
														Eleaf						</a>

						
					</li>
									<li class="level-2-child" data-id="136">
						<a class="dropdown-toggle " href="http://www.hs-dampfer.de/Clearomizer-Dual-Coil-Tank/category-136/" title="Flash-e-Vapor V2 by Tobeco">
														Flash-e-Vapor V2 by Tobeco						</a>

						
					</li>
									<li class="level-2-child" data-id="149">
						<a class="dropdown-toggle " href="http://www.hs-dampfer.de/Clearomizer-Dual-Coil-Tank/Flash-e-Vapor-V3-by-Hotcig/" title="Flash-e-Vapor V3 by Hotcig">
														Flash-e-Vapor V3 by Hotcig						</a>

						
					</li>
									<li class="level-2-child" data-id="107">
						<a class="dropdown-toggle " href="http://www.hs-dampfer.de/Clearomizer-Dual-Coil-Tank/Joyetech/" title="Joyetech">
														Joyetech						</a>

						
					</li>
									<li class="level-2-child" data-id="106">
						<a class="dropdown-toggle " href="http://www.hs-dampfer.de/Clearomizer-Dual-Coil-Tank/Kanger/" title="Kangertech">
														Kangertech						</a>

						
					</li>
									<li class="level-2-child" data-id="64">
						<a class="dropdown-toggle " href="http://www.hs-dampfer.de/Clearomizer-Dual-Coil-Tank/Selbstwickelverdampfer/" title="Selbstwickelverdampfer">
														Selbstwickelverdampfer						</a>

						
					</li>
									<li class="level-2-child" data-id="166">
						<a class="dropdown-toggle " href="http://www.hs-dampfer.de/Clearomizer-Dual-Coil-Tank/Smok/" title="Smok">
														Smok						</a>

						
					</li>
									<li class="level-2-child" data-id="218">
						<a class="dropdown-toggle " href="http://www.hs-dampfer.de/Clearomizer-Dual-Coil-Tank/taifun/" title="Taifun">
														Taifun						</a>

						
					</li>
									<li class="level-2-child" data-id="183">
						<a class="dropdown-toggle " href="http://www.hs-dampfer.de/Clearomizer-Dual-Coil-Tank/Uwell/" title="Uwell">
														Uwell						</a>

						
					</li>
									<li class="level-2-child" data-id="215">
						<a class="dropdown-toggle " href="http://www.hs-dampfer.de/Clearomizer-Dual-Coil-Tank/vape-band/" title="Vape-Band">
														Vape-Band						</a>

						
					</li>
									<li class="level-2-child" data-id="103">
						<a class="dropdown-toggle " href="http://www.hs-dampfer.de/Clearomizer-Dual-Coil-Tank/Vision/" title="Vision">
														Vision						</a>

						
					</li>
							
							</ul>
						
					</li>
									<li class="dropdown level-1-child" data-id="9">
						<a class="dropdown-toggle " href="http://www.hs-dampfer.de/Liquid/" title="Liquid">
														Liquid						</a>

													<ul data-level="2" class="level-2 dropdown-menu dropdown-menu-child">
								<li class="enter-category">
									<a class="dropdown-toggle" href="http://www.hs-dampfer.de/Liquid/" title="Liquid">alle anzeigen</a>
								</li>

																	<li class="level-2-child" data-id="222">
						<a class="dropdown-toggle " href="http://www.hs-dampfer.de/Liquid/dinner-lady/" title="Dinner Lady">
														Dinner Lady						</a>

						
					</li>
									<li class="level-2-child" data-id="244">
						<a class="dropdown-toggle " href="http://www.hs-dampfer.de/Liquid/dvtch-amsterdam/" title="DVTCH Amsterdam">
														DVTCH Amsterdam						</a>

						
					</li>
									<li class="level-2-child" data-id="223">
						<a class="dropdown-toggle " href="http://www.hs-dampfer.de/Liquid/element-e-liquid-usa/" title="Element e-Liquid - USA">
														Element e-Liquid - USA						</a>

						
					</li>
									<li class="dropdown level-2-child" data-id="91">
						<a class="dropdown-toggle " href="http://www.hs-dampfer.de/Liquid/Erste-Sahne---Germany/" title="Erste Sahne - Germany">
														Erste Sahne - Germany						</a>

													<ul data-level="2" class="level-3 dropdown-menu dropdown-menu-child">
								<li class="enter-category">
									<a class="dropdown-toggle" href="http://www.hs-dampfer.de/Liquid/Erste-Sahne---Germany/" title="Erste Sahne - Germany">alle anzeigen</a>
								</li>

																	<li class="level-3-child" data-id="92">
						<a class="dropdown-toggle " href="http://www.hs-dampfer.de/Liquid/Erste-Sahne---Germany/Erste-Sahne---Diverse/" title="Erste Sahne - Diverse">
														Erste Sahne - Diverse						</a>

						
					</li>
									<li class="level-3-child" data-id="93">
						<a class="dropdown-toggle " href="http://www.hs-dampfer.de/Liquid/Erste-Sahne---Germany/Erste-Sahne---Frucht/" title="Erste Sahne - Frucht">
														Erste Sahne - Frucht						</a>

						
					</li>
									<li class="level-3-child" data-id="94">
						<a class="dropdown-toggle " href="http://www.hs-dampfer.de/Liquid/Erste-Sahne---Germany/Erste-Sahne---Tabak/" title="Erste Sahne - Tabak">
														Erste Sahne - Tabak						</a>

						
					</li>
							
							</ul>
						
					</li>
									<li class="level-2-child" data-id="243">
						<a class="dropdown-toggle " href="http://www.hs-dampfer.de/Liquid/nos-e-liquid/" title="NOS E-Liquid">
														NOS E-Liquid						</a>

						
					</li>
									<li class="dropdown level-2-child" data-id="28">
						<a class="dropdown-toggle " href="http://www.hs-dampfer.de/Liquid/Ruyan-Liquid/" title="Ruyan/Feellife Liquid">
														Ruyan/Feellife Liquid						</a>

													<ul data-level="2" class="level-3 dropdown-menu dropdown-menu-child">
								<li class="enter-category">
									<a class="dropdown-toggle" href="http://www.hs-dampfer.de/Liquid/Ruyan-Liquid/" title="Ruyan/Feellife Liquid">alle anzeigen</a>
								</li>

																	<li class="level-3-child" data-id="31">
						<a class="dropdown-toggle " href="http://www.hs-dampfer.de/Liquid/Ruyan-Liquid/Ruyan-Liquid-Diverse/" title="Ruyan Liquid Diverse">
														Ruyan Liquid Diverse						</a>

						
					</li>
									<li class="level-3-child" data-id="33">
						<a class="dropdown-toggle " href="http://www.hs-dampfer.de/Liquid/Ruyan-Liquid/Ruyan-Liquid-Frucht/" title="Ruyan Liquid Frucht">
														Ruyan Liquid Frucht						</a>

						
					</li>
									<li class="level-3-child" data-id="32">
						<a class="dropdown-toggle " href="http://www.hs-dampfer.de/Liquid/Ruyan-Liquid/Ruyan-Liquid-Tabak/" title="Ruyan Liquid Tabak">
														Ruyan Liquid Tabak						</a>

						
					</li>
							
							</ul>
						
					</li>
									<li class="level-2-child" data-id="167">
						<a class="dropdown-toggle " href="http://www.hs-dampfer.de/Liquid/T-Juice-E-Liquid/" title="T-Juice E-Liquid - GB">
														T-Juice E-Liquid - GB						</a>

						
					</li>
									<li class="dropdown level-2-child" data-id="180">
						<a class="dropdown-toggle " href="http://www.hs-dampfer.de/Liquid/Vampire-Vape/" title="Vampire Vape - GB">
														Vampire Vape - GB						</a>

													<ul data-level="2" class="level-3 dropdown-menu dropdown-menu-child">
								<li class="enter-category">
									<a class="dropdown-toggle" href="http://www.hs-dampfer.de/Liquid/Vampire-Vape/" title="Vampire Vape - GB">alle anzeigen</a>
								</li>

																	<li class="level-3-child" data-id="247">
						<a class="dropdown-toggle " href="http://www.hs-dampfer.de/Liquid/Vampire-Vape/koncept-xix/" title="Koncept XIX Shake n'Vape">
														Koncept XIX Shake n'Vape						</a>

						
					</li>
									<li class="level-3-child" data-id="216">
						<a class="dropdown-toggle " href="http://www.hs-dampfer.de/Liquid/Vampire-Vape/vampire-vape-e-liquid/" title="Vampire Vape e-Liquid">
														Vampire Vape e-Liquid						</a>

						
					</li>
									<li class="level-3-child" data-id="217">
						<a class="dropdown-toggle " href="http://www.hs-dampfer.de/Liquid/Vampire-Vape/vampire-vape-vlads-vg/" title="Vampire Vape Vlads VG">
														Vampire Vape Vlads VG						</a>

						
					</li>
							
							</ul>
						
					</li>
							
							</ul>
						
					</li>
									<li class="dropdown level-1-child" data-id="172">
						<a class="dropdown-toggle " href="http://www.hs-dampfer.de/Selbst-Mischen/" title="Selbstmischen">
														Selbstmischen						</a>

													<ul data-level="2" class="level-2 dropdown-menu dropdown-menu-child">
								<li class="enter-category">
									<a class="dropdown-toggle" href="http://www.hs-dampfer.de/Selbst-Mischen/" title="Selbstmischen">alle anzeigen</a>
								</li>

																	<li class="dropdown level-2-child" data-id="173">
						<a class="dropdown-toggle " href="http://www.hs-dampfer.de/Selbst-Mischen/Aromen/" title="Aromen">
														Aromen						</a>

													<ul data-level="2" class="level-3 dropdown-menu dropdown-menu-child">
								<li class="enter-category">
									<a class="dropdown-toggle" href="http://www.hs-dampfer.de/Selbst-Mischen/Aromen/" title="Aromen">alle anzeigen</a>
								</li>

																	<li class="level-3-child" data-id="221">
						<a class="dropdown-toggle " href="http://www.hs-dampfer.de/Selbst-Mischen/Aromen/category-221/" title="Big Mouth">
														Big Mouth						</a>

						
					</li>
									<li class="level-3-child" data-id="245">
						<a class="dropdown-toggle " href="http://www.hs-dampfer.de/Selbst-Mischen/Aromen/copy-cat/" title="Copy Cat">
														Copy Cat						</a>

						
					</li>
									<li class="level-3-child" data-id="233">
						<a class="dropdown-toggle " href="http://www.hs-dampfer.de/Selbst-Mischen/Aromen/damfaroma/" title="Damfaroma">
														Damfaroma						</a>

						
					</li>
									<li class="level-3-child" data-id="197">
						<a class="dropdown-toggle " href="http://www.hs-dampfer.de/Selbst-Mischen/Aromen/GermanFLAVOURS-197/" title="GermanFLAVOURS">
														GermanFLAVOURS						</a>

						
					</li>
									<li class="level-3-child" data-id="174">
						<a class="dropdown-toggle " href="http://www.hs-dampfer.de/Selbst-Mischen/Aromen/K-Boom/" title="K-Boom">
														K-Boom						</a>

						
					</li>
									<li class="level-3-child" data-id="175">
						<a class="dropdown-toggle " href="http://www.hs-dampfer.de/Selbst-Mischen/Aromen/T-Juice/" title="T-Juice">
														T-Juice						</a>

						
					</li>
									<li class="level-3-child" data-id="182">
						<a class="dropdown-toggle " href="http://www.hs-dampfer.de/Selbst-Mischen/Aromen/Vampire-Vape-182/" title="Vampire Vape">
														Vampire Vape						</a>

						
					</li>
							
							</ul>
						
					</li>
									<li class="dropdown level-2-child" data-id="176">
						<a class="dropdown-toggle " href="http://www.hs-dampfer.de/Selbst-Mischen/Base/" title="Base">
														Base						</a>

													<ul data-level="2" class="level-3 dropdown-menu dropdown-menu-child">
								<li class="enter-category">
									<a class="dropdown-toggle" href="http://www.hs-dampfer.de/Selbst-Mischen/Base/" title="Base">alle anzeigen</a>
								</li>

																	<li class="level-3-child" data-id="219">
						<a class="dropdown-toggle " href="http://www.hs-dampfer.de/Selbst-Mischen/Base/avoria/" title="Avoria">
														Avoria						</a>

						
					</li>
							
							</ul>
						
					</li>
									<li class="level-2-child" data-id="231">
						<a class="dropdown-toggle " href="http://www.hs-dampfer.de/Selbst-Mischen/nic-shots-231/" title="Nikotin Shot">
														Nikotin Shot						</a>

						
					</li>
									<li class="level-2-child" data-id="178">
						<a class="dropdown-toggle " href="http://www.hs-dampfer.de/Selbst-Mischen/Zubehoer-178/" title="Zubehör">
														Zubehör						</a>

						
					</li>
							
							</ul>
						
					</li>
									<li class="level-1-child" data-id="230">
						<a class="dropdown-toggle " href="http://www.hs-dampfer.de/nic-shots/" title="Nikotin Shot">
														Nikotin Shot						</a>

						
					</li>
									<li class="dropdown level-1-child" data-id="24">
						<a class="dropdown-toggle " href="http://www.hs-dampfer.de/Zubehoer/" title="Zubehör">
														Zubehör						</a>

													<ul data-level="2" class="level-2 dropdown-menu dropdown-menu-child">
								<li class="enter-category">
									<a class="dropdown-toggle" href="http://www.hs-dampfer.de/Zubehoer/" title="Zubehör">alle anzeigen</a>
								</li>

																	<li class="dropdown level-2-child" data-id="205">
						<a class="dropdown-toggle " href="http://www.hs-dampfer.de/Zubehoer/akkus-205/" title="Akkus">
														Akkus						</a>

													<ul data-level="2" class="level-3 dropdown-menu dropdown-menu-child">
								<li class="enter-category">
									<a class="dropdown-toggle" href="http://www.hs-dampfer.de/Zubehoer/akkus-205/" title="Akkus">alle anzeigen</a>
								</li>

																	<li class="level-3-child" data-id="99">
						<a class="dropdown-toggle " href="http://www.hs-dampfer.de/Zubehoer/akkus-205/Efest-Akkus/" title="Efest Akku">
														Efest Akku						</a>

						
					</li>
									<li class="level-3-child" data-id="117">
						<a class="dropdown-toggle " href="http://www.hs-dampfer.de/Zubehoer/akkus-205/eGo-Mini/" title="eGo-Mini">
														eGo-Mini						</a>

						
					</li>
									<li class="level-3-child" data-id="74">
						<a class="dropdown-toggle " href="http://www.hs-dampfer.de/Zubehoer/akkus-205/Joyetech-Akkus/" title="Joyetech Akkus">
														Joyetech Akkus						</a>

						
					</li>
									<li class="level-3-child" data-id="130">
						<a class="dropdown-toggle " href="http://www.hs-dampfer.de/Zubehoer/akkus-205/Kangertech-130/" title="Kangertech">
														Kangertech						</a>

						
					</li>
									<li class="level-3-child" data-id="170">
						<a class="dropdown-toggle " href="http://www.hs-dampfer.de/Zubehoer/akkus-205/LG-Akkus/" title="LG Akkus">
														LG Akkus						</a>

						
					</li>
									<li class="level-3-child" data-id="111">
						<a class="dropdown-toggle " href="http://www.hs-dampfer.de/Zubehoer/akkus-205/Panasonic/" title="Panasonic">
														Panasonic						</a>

						
					</li>
									<li class="level-3-child" data-id="85">
						<a class="dropdown-toggle " href="http://www.hs-dampfer.de/Zubehoer/akkus-205/Samsung-Akku/" title="Samsung Akku">
														Samsung Akku						</a>

						
					</li>
									<li class="level-3-child" data-id="145">
						<a class="dropdown-toggle " href="http://www.hs-dampfer.de/Zubehoer/akkus-205/Sony/" title="Sony">
														Sony						</a>

						
					</li>
									<li class="level-3-child" data-id="208">
						<a class="dropdown-toggle " href="http://www.hs-dampfer.de/Zubehoer/akkus-205/trustfire/" title="Trustfire">
														Trustfire						</a>

						
					</li>
							
							</ul>
						
					</li>
									<li class="dropdown level-2-child" data-id="66">
						<a class="dropdown-toggle " href="http://www.hs-dampfer.de/Zubehoer/Drip-Tips/" title="Drip Tips">
														Drip Tips						</a>

													<ul data-level="2" class="level-3 dropdown-menu dropdown-menu-child">
								<li class="enter-category">
									<a class="dropdown-toggle" href="http://www.hs-dampfer.de/Zubehoer/Drip-Tips/" title="Drip Tips">alle anzeigen</a>
								</li>

																	<li class="level-3-child" data-id="82">
						<a class="dropdown-toggle " href="http://www.hs-dampfer.de/Zubehoer/Drip-Tips/Aluminium/" title="Aluminium">
														Aluminium						</a>

						
					</li>
									<li class="level-3-child" data-id="81">
						<a class="dropdown-toggle " href="http://www.hs-dampfer.de/Zubehoer/Drip-Tips/Edelstahl/" title="Edelstahl">
														Edelstahl						</a>

						
					</li>
									<li class="level-3-child" data-id="83">
						<a class="dropdown-toggle " href="http://www.hs-dampfer.de/Zubehoer/Drip-Tips/Plastik/" title="Plastik">
														Plastik						</a>

						
					</li>
									<li class="level-3-child" data-id="123">
						<a class="dropdown-toggle " href="http://www.hs-dampfer.de/Zubehoer/Drip-Tips/Plastik-fuer-Vision-CE-5/" title="Plastik für Vision CE 5">
														Plastik für Vision CE 5						</a>

						
					</li>
									<li class="level-3-child" data-id="132">
						<a class="dropdown-toggle " href="http://www.hs-dampfer.de/Zubehoer/Drip-Tips/category-132/" title="Teflon">
														Teflon						</a>

						
					</li>
							
							</ul>
						
					</li>
									<li class="level-2-child" data-id="73">
						<a class="dropdown-toggle " href="http://www.hs-dampfer.de/Zubehoer/Akkus/" title="Ladegeräte">
														Ladegeräte						</a>

						
					</li>
									<li class="level-2-child" data-id="95">
						<a class="dropdown-toggle " href="http://www.hs-dampfer.de/Zubehoer/Wickelzubehoer/" title="Wickelzubehör">
														Wickelzubehör						</a>

						
					</li>
									<li class="level-2-child" data-id="211">
						<a class="dropdown-toggle " href="http://www.hs-dampfer.de/Zubehoer/zubehoer-allgemein/" title="Zubehör allgemein">
														Zubehör allgemein						</a>

						
					</li>
							
							</ul>
						
					</li>
									<li class="level-1-child" data-id="102">
						<a class="dropdown-toggle " href="http://www.hs-dampfer.de/Neu-im-Shop/" title="Neu im Shop">
														Neu im Shop						</a>

						
					</li>
									<li class="level-1-child" data-id="220">
						<a class="dropdown-toggle " href="http://www.hs-dampfer.de/sonderangebote/" title="Sale %">
														Sale %						</a>

						
					</li>
							
		<li class="dropdown navbar-topbar-item first" style="display: none;">
						<a title="Anmeldung" href="/#" class="dropdown-toggle" data-toggle-hover="dropdown">
							Kundenlogin 
							<span class="fa fa-sign-in visible-xs-block"></span>
						</a>
						



<ul class="dropdown-menu dropdown-menu-login arrow-top">
	<li class="arrow"></li>
	<li class="dropdown-header hidden-xs">Kundenlogin!</li>
	<li>
		<form action="http://www.hs-dampfer.de/login.php?action=process" method="post" class="form-horizontal">
			<div class="form-group">
				<input type="text" id="login-username" class="form-control" placeholder="E-Mail" name="email_address">
			</div>
			<div class="form-group">
				<input type="password" id="login-password" class="form-control" placeholder="Passwort" name="password">
			</div>
			<div class="dropdown-footer row">
				<input type="submit" class="btn btn-primary btn-block" value="Anmelden">
				<ul>
					<li>
						<a title="Konto erstellen" href="http://www.hs-dampfer.de/login.php">
							Konto erstellen
						</a>
					</li>
					<li>
						<a title="Passwort vergessen?" href="http://www.hs-dampfer.de/password_double_opt.php">
							Passwort vergessen?
						</a>
					</li>
				</ul>
			</div>
		</form>
	</li>
</ul>
					</li><li class="navbar-topbar-item" style="display: none;">
						<a href="http://www.hs-dampfer.de/wish_list.php" title="Merkzettel anzeigen">
							Merkzettel
							<span class="fa fa-thumb-tack visible-xs-block"></span>
						</a>
					</li></ul>

	</nav>
</div>



</div>
<div id="gm_box_pos_4" class="gm_box_container">
	<div class="box box-bestsellers panel panel-default">
	<div class="panel-heading">
					Bestseller
			</div>
	<div class="panel-body">
		
			<ol>
							<li class="row">
					<a href="http://www.hs-dampfer.de/Selbst-Mischen/Zubehoer-178/Needle-Cap.html" title="Needle Cap">
						<span class="col-xs-4">
															<div class="img-thumbnail">	
									<span class="align-helper"></span>
									<img src="images/product_images/thumbnail_images/needle_caps1.jpg" class="img-responsive" alt="Needle Cap">
								</div>
													</span>
						<span class="col-xs-8">
							Needle Cap
							<br>
							<span class="price">
								 0,49 EUR
							</span>
						</span>
					</a>
				</li>
							<li class="row">
					<a href="http://www.hs-dampfer.de/Clearomizer-Dual-Coil-Tank/Vision/Vision-Clearomizer-CE5-V3.html" title="Vision Clearomizer CE6 V3">
						<span class="col-xs-4">
															<div class="img-thumbnail">	
									<span class="align-helper"></span>
									<img src="images/product_images/thumbnail_images/index_266_0.jpg" class="img-responsive" alt="Vision Clearomizer CE6 V3">
								</div>
													</span>
						<span class="col-xs-8">
							Vision Clearomizer CE6 V3
							<br>
							<span class="price">
								 5,99 EUR
							</span>
						</span>
					</a>
				</li>
							<li class="row">
					<a href="http://www.hs-dampfer.de/Selbst-Mischen/Zubehoer-178/Leere-Liquidflasche.html" title="Leere Liquidflasche">
						<span class="col-xs-4">
															<div class="img-thumbnail">	
									<span class="align-helper"></span>
									<img src="images/product_images/thumbnail_images/flasche.jpg" class="img-responsive" alt="Leere Liquidflasche">
								</div>
													</span>
						<span class="col-xs-8">
							Leere Liquidflasche
							<br>
							<span class="price">
								 ab  0,40 EUR
							</span>
						</span>
					</a>
				</li>
							<li class="row">
					<a href="http://www.hs-dampfer.de/Clearomizer-Dual-Coil-Tank/Vision/Vision-Clearomizer-CE5-V3-Ersatzverdampfer.html" title="Vision Clearomizer CE6 V3 Ersatzverdampfer">
						<span class="col-xs-4">
															<div class="img-thumbnail">	
									<span class="align-helper"></span>
									<img src="images/product_images/thumbnail_images/vision-coils-300x300.jpg" class="img-responsive" alt="Vision Clearomizer CE6 V3 Ersatzverdampfer">
								</div>
													</span>
						<span class="col-xs-8">
							Vision Clearomizer CE6 V3 Ersatzverdampfer
							<br>
							<span class="price">
								 1,99 EUR
							</span>
						</span>
					</a>
				</li>
							<li class="row">
					<a href="http://www.hs-dampfer.de/Clearomizer-Dual-Coil-Tank/Kanger/Kanger-ProTank-3-Verdampferkoepfe.html" title="Kanger Dual Coil Verdampferköpfe">
						<span class="col-xs-4">
															<div class="img-thumbnail">	
									<span class="align-helper"></span>
									<img src="images/product_images/thumbnail_images/coils_481_0.jpg" class="img-responsive" alt="Kanger Dual Coil Verdampferköpfe">
								</div>
													</span>
						<span class="col-xs-8">
							Kanger Dual Coil Verdampferköpfe
							<br>
							<span class="price">
								 1,99 EUR
							</span>
						</span>
					</a>
				</li>
					</ol>
	
		</div>
</div>
</div>
<div id="gm_box_pos_8" class="gm_box_container">



<div class="box box-newsletter panel panel-default">
	<div class="panel-heading">
		<h4 class="panel-title">Newsletter-Anmeldung</h4>
	</div>
	<div class="panel-body">

		<form id="sign_in" action="newsletter.php" method="post" data-jse-extensions="validator">

			<fieldset>
				
				<div class="form-group input-container">
					<span class="input-container"> 
						<input type="text" placeholder="E-Mail" class="form-control validate" id="email" name="email" value="" data-validator-validate="required email">
						<i class="fa fa-envelope"></i>
					</span> 
				</div>

				<div class="form-group">
					<button type="submit" class="btn btn-block btn-primary btn-sm" title="Weiter zur Newsletter-Anmeldung">
						Anmelden
					</button>
				</div>

			</fieldset>

		</form>	

	</div>
</div></div>
<div id="gm_box_pos_9" class="gm_box_container">

<div class="box box-specials panel panel-default">
	<div class="panel-heading">
		<span class="fa fa-"></span> Angebote		<a href="http://www.hs-dampfer.de/specials.php" class="pull-right" title="Angebote">
			<span class="fa fa-arrow-circle-right "></span>
		</a>
	</div>
	<div class="panel-body">

	<div class="specials-image">
		<a href="http://www.hs-dampfer.de/Liquid/Vampire-Vape/vampire-vape-vlads-vg/heisenberg-no-ice-10ml-vlads-vg.html" title="Heisenberg no Ice 10ml - Vlads VG">
			<img class="img-responsive" src="images/product_images/thumbnail_images/heisenberg_no_ice.jpg" alt="Heisenberg no Ice 10ml - Vlads VG" title="Heisenberg no Ice 10ml - Vlads VG">
		</a>
	</div>
<div>
	<br>
	<span class="specials-title">
		<a href="http://www.hs-dampfer.de/Liquid/Vampire-Vape/vampire-vape-vlads-vg/heisenberg-no-ice-10ml-vlads-vg.html" title="Heisenberg no Ice 10ml - Vlads VG">
			Heisenberg no Ice 10ml - Vlads VG
		</a>
	</span>
	<br>
	<br>
	<span class="specials-price">
		<a href="http://www.hs-dampfer.de/Liquid/Vampire-Vape/vampire-vape-vlads-vg/heisenberg-no-ice-10ml-vlads-vg.html" title="Heisenberg no Ice 10ml - Vlads VG">
			<span class="productOldPrice">Unser bisheriger Preis 4,99 EUR</span><br>jetzt nur 3,50 EUR
		</a>
	</span>
	<br>
			<span class="specials-vpe">
			 35,00 EUR pro 100ml
		</span>
		<br>
	</div>

	</div>
</div></div>
<div id="gm_box_pos_10" class="gm_box_container">

	<div class="box box-manufacturers panel panel-default">
	<div class="panel-heading">
					Hersteller
			</div>
	<div class="panel-body">
	<form id="manufacturers" action="index.php" method="get"><select name="manufacturers_id" onchange="if(this.value!=''){this.form.submit();}" size="1" class="lightbox_visibility_hidden input-select"><option value="" selected="selected">Bitte wählen</option><option value="16">Aspire</option><option value="11">Efest</option><option value="25">Eleaf</option><option value="12">Erste Sahne</option><option value="27">GermanFlavours</option><option value="1">Joyetech</option><option value="14">Kanger</option><option value="29">Nitecore</option><option value="19">Panasonic</option><option value="3">Ruyan</option><option value="18">Samsung</option><option value="21">Silver Concept</option><option value="5">Smoktech</option><option value="24">Sony</option><option value="26">T-Juice</option><option value="20">Tobeco</option><option value="7">TrustFire</option><option value="9">Trustfire</option><option value="30">Vampire Vape</option><option value="2">Vision</option></select><input type="hidden" name="XTCsid" value="3t92813eiur0qba891e7ubonh4"></form>
		</div>
</div>
</div>

							</aside>

			<aside id="right">
								
							</aside>

		</div>
	</div>

	<footer id="footer">
		<div class="inside">
		<div class="row">
			<div class="footer-col-1">

<div class="box box-content panel panel-default">
	<div class="panel-heading">
		<h4 class="panel-title">Mehr über...</h4>
	</div>
	<div class="panel-body">
		<nav>
			<ul class="nav">
									<li>
						<a href="http://www.hs-dampfer.de/info/Mehr-ueber-e-Rauchen.html" title="Dampfen">
							Dampfen
						</a>
					</li>
									<li>
						<a href="http://www.hs-dampfer.de/info/Tips-zur-eGo-T.html" title="Informationen zur E-Zigarette">
							Informationen zur E-Zigarette
						</a>
					</li>
									<li>
						<a href="http://www.hs-dampfer.de/info/Inhaltsstoffe-Liquid.html" title="Inhaltsstoffe Liquid">
							Inhaltsstoffe Liquid
						</a>
					</li>
									<li>
						<a href="http://www.hs-dampfer.de/info/NEWS-E-ZIGARETTEN.html" title="NEWS E-ZIGARETTEN">
							NEWS E-ZIGARETTEN
						</a>
					</li>
									<li>
						<a href="http://www.hs-dampfer.de/info/Produktvideos.html" title="Produktvideos">
							Produktvideos
						</a>
					</li>
									<li>
						<a href="http://www.hs-dampfer.de/info/callback-service.html" title="Callback Service">
							Callback Service
						</a>
					</li>
									<li>
						<a href="http://www.hs-dampfer.de/info/mein-kontakt.html" title="Kontakt">
							Kontakt
						</a>
					</li>
									<li>
						<a href="http://www.hs-dampfer.de/info/sitemap.html" title="Sitemap">
							Sitemap
						</a>
					</li>
							</ul>
		</nav>
	</div>
</div></div>
			<div class="footer-col-2"><h4>Zahlungsarten</h4>

<div style="text-align: center;"><img alt="Sofort Überweisung" src="images/banner_300x100_sl.png" style="width: 60%; height: auto;"></div>
&nbsp;

<div style="text-align: center;"><img alt="PayPal" src="https://www.paypalobjects.com/webstatic/de_DE/i/de-pp-logo-150px.png" style="width: 60%; height: auto;"></div>
&nbsp;

<div style="text-align: center;"><img alt="Vorkasse" src="images/vorkasse.png" style="width: 60%; height: auto;"></div>
&nbsp;

<div style="text-align: center;"><img alt="Bar bei Abholung" src="images/cash-on-pickup1.png" style="width: 60%; height: auto;"></div></div>
			<div class="footer-col-3"><div class="box box-content panel panel-default">
<div class="panel-heading">
<h4 class="panel-title">Rechtliche Informationen</h4>
</div>

<div class="panel-body">
<nav>
<ul class="nav">
	<li><a href="http://www.hs-dampfer.de/info/allgemeine-geschaeftsbedingungen.html" title="AGB">AGB </a></li>
	<li><a href="http://www.hs-dampfer.de/info/privatsphaere-und-datenschutz.html" title="Privatsphäre und Datenschutz">Privatsphäre und Datenschutz </a></li>
	<li><a href="http://www.hs-dampfer.de/info/Versand-und-Zahlungsbedingungen.html" title="Versand- &amp; Zahlungsbedingungen">Versand- &amp; Zahlungsbedingungen </a></li>
	<li><a href="http://www.hs-dampfer.de/info/Widerrufsrecht-und-Widerrufsformular.html" title="Widerrufsrecht">Widerrufsrecht </a></li>
	<li><a href="http://www.hs-dampfer.de/info/Jugendschutz.html" title="Jugendschutz">Jugendschutz </a></li>
	<li><a href="http://www.hs-dampfer.de/info/Verpackungsverordnung.html" title="Verpackungsverordnung">Verpackungsverordnung </a></li>
	<li><a href="http://www.hs-dampfer.de/info/Batterieverordnung.html" title="Information zur Batterieentsorgung">Information zur Batterieentsorgung </a></li>
	<li><a href="http://www.hs-dampfer.de/info/impressum.html" title="Impressum">Impressum </a></li>
</ul>
</nav>
</div>
</div></div>
			<div class="footer-col-4"><h4>Wir versenden mit</h4>

<div style="text-align: center;"><img alt="DHL" src="images/DHL_rgb_256px.png" style="max-width: 60%; height: auto;"></div><br>

<h4>HS-Dampfer als App</h4>

<p style="text-align: center;"></a></p>
&nbsp;

<p style="text-align: center;"><a href="https://itunes.apple.com/de/app/hs-dampfer/id838841361?mt=8"><img alt="iOS-App" src="http://www.hs-dampfer.de/images/Download_on_the_App_Store_Badge_US-UK_135x40.png" style="width: 135px; height: auto;"></a></p></div>
		</div>
	</div>
	<div class="footer-bottom"><a href="http://www.gambio.de" target="_blank">Shopsoftware</a> by Gambio.de © 2016</div>
</footer>

	
	
</div>


		

<a class="pageup" title="Nach oben" href="#">
	
</a>
		<div class="layer" style="display: none;">

	

		<div id="magnific_wrapper">
			<div class="modal-dialog">
				<div class="modal-content">
					{{#title}}
					<div class="modal-header">
						<h4 class="modal-title">{{title}}</h4>
					</div>
					{{/title}}
	
					<div class="modal-body">
						{{{items.src}}}
					</div>
	
					{{#showButtons}}
					<div class="modal-footer">
						{{#buttons}}
						<button type="button" id="button_{{index}}_{{uid}}" data-index="{{index}}" class="btn {{class}}">{{name}}</button>
						{{/buttons}}
					</div>
					{{/showButtons}}
				</div>
			</div>
		</div>
	
	
		<div id="modal_prompt">
			<div>
				{{#content}}
				<div class="icon">&nbsp;</div>
				<p>{{.}}</p>
				{{/content}}
				<form name="prompt" action="">
					<input type="text" name="input" value="{{value}}" autocomplete="off">
				</form>
			</div>
		</div>
	
		<div id="modal_alert">
			<div class="white-popup">
				{{#content}}
				<div class="icon">&nbsp;</div>
				<p>{{{.}}}</p>
				{{/content}}
			</div>
		</div>

	
	
</div>

		<script type="text/javascript" src="gm_javascript.js.php?page=Index&amp;current_template=Honeygrid"></script><script async="" type="text/javascript" src="/gm/javascript/GMCounter.js"></script><script type="text/javascript">
  (function () { 
    var _tsid = 'X426A3D511E63E8056FEC39016BEE4297'; 
    _tsConfig = { 
      'yOffset': '0', /* offset from page bottom */
      'variant': 'default', /* text, default, small, reviews, custom, custom_reviews */
      'customElementId': '', /* required for variants custom and custom_reviews */
      'trustcardDirection': 'topRight', /* for custom variants: topRight, topLeft, bottomRight, bottomLeft */
      'customBadgeWidth': '90', /* for custom variants: 40 - 90 (in pixels) */
      'customBadgeHeight': '90', /* for custom variants: 40 - 90 (in pixels) */
      'disableResponsive': 'false', /* deactivate responsive behaviour */
      'disableTrustbadge': 'false', /* deactivate trustbadge */
      'trustCardTrigger': 'mouseenter' /* set to 'click' if you want the trustcard to be opened on click instead */
    };
    var _ts = document.createElement('script');
    _ts.type = 'text/javascript'; 
    _ts.charset = 'utf-8'; 
    _ts.async = true; 
    _ts.src = '//widgets.trustedshops.com/js/' + _tsid + '.js'; 
    var __ts = document.getElementsByTagName('script')[0];
    __ts.parentNode.insertBefore(_ts, __ts);
  })();
</script>
		
			
<div id="tsbadge4_db8d3657bdbe440c985ae127463eaad4" data-shopname="hs-dampfer.de" style="display: block; cursor: pointer; bottom: 0px;"><div id="BadgeContainer_db8d3657bdbe440c985ae127463eaad4" class="" data-tb-element="trustbadge_minimised_container"><div id="MenuDotsBadge_db8d3657bdbe440c985ae127463eaad4" class="menu-button_db8d3657bdbe440c985ae127463eaad4 menu-button_db8d3657bdbe440c985ae127463eaad4--badge menu-button_db8d3657bdbe440c985ae127463eaad4--left" data-menu="MenuWrapperBadge_db8d3657bdbe440c985ae127463eaad4"><a href="javascript:void(null);" class="menu-button_db8d3657bdbe440c985ae127463eaad4__link"><div class="circle_db8d3657bdbe440c985ae127463eaad4 menu-button_db8d3657bdbe440c985ae127463eaad4__circle"></div><div class="circle_db8d3657bdbe440c985ae127463eaad4 menu-button_db8d3657bdbe440c985ae127463eaad4__circle"></div><div class="circle_db8d3657bdbe440c985ae127463eaad4 menu-button_db8d3657bdbe440c985ae127463eaad4__circle"></div></a></div><div class="menu_db8d3657bdbe440c985ae127463eaad4" id="MenuWrapperBadge_db8d3657bdbe440c985ae127463eaad4" style="visibility: hidden"><div class="menu_db8d3657bdbe440c985ae127463eaad4__container "><a href="https://www.trustedshops.de/bewertung/info_X426A3D511E63E8056FEC39016BEE4297.html?utm_source=shop&amp;utm_medium=link&amp;utm_content=menu_all_reviews__reviews_only&amp;utm_campaign=trustbadge_minimised" class="menu_db8d3657bdbe440c985ae127463eaad4__link trustbadgeMenuExternalLink_db8d3657bdbe440c985ae127463eaad4" target="_blank">Alle Bewertungen</a><a href="//www.trustedshops.de/impressum?utm_content=menu_imprint__reviews_only&amp;utm_campaign=trustbadge_minimised" target="_blank" class="menu_db8d3657bdbe440c985ae127463eaad4__link trustbadgeMenuExternalLink_db8d3657bdbe440c985ae127463eaad4"> Impressum</a><a href="//www.trustedshops.de/impressum?utm_content=menu_dataprotection__reviews_only&amp;utm_campaign=trustbadge_minimised" class="menu_db8d3657bdbe440c985ae127463eaad4__link trustbadgeMenuExternalLink_db8d3657bdbe440c985ae127463eaad4" target="_blank"> Datenschutz</a><div class="menu_db8d3657bdbe440c985ae127463eaad4__dash"></div><a href="javascript:void(null);" id="MaximizeBadgeLink_db8d3657bdbe440c985ae127463eaad4" class="menu_db8d3657bdbe440c985ae127463eaad4__link menu_db8d3657bdbe440c985ae127463eaad4__link--icon" data-tb-element="trustbadge_minimised_menu_maximise"><span>+</span>Maximieren</a><a href="javascript:void(null);" id="RemoveTrustbadgeLink_db8d3657bdbe440c985ae127463eaad4" class="menu_db8d3657bdbe440c985ae127463eaad4__link menu_db8d3657bdbe440c985ae127463eaad4__link--icon" data-tb-element="trustbadge_minimised_menu_remove"><span>×</span>Schließen</a></div><div class="menu_db8d3657bdbe440c985ae127463eaad4__triangle"></div></div><div id="BadgeContent_db8d3657bdbe440c985ae127463eaad4" class="badge-content_db8d3657bdbe440c985ae127463eaad4 badge-content_db8d3657bdbe440c985ae127463eaad4--menu-left"><div class="trustbadge_db8d3657bdbe440c985ae127463eaad4__top trustbadge_db8d3657bdbe440c985ae127463eaad4__top--no-content"></div><div id="ReviewsContainerBadge_db8d3657bdbe440c985ae127463eaad4" data-tb-element="trustbadge_minimised_reviews"><div class="ts-stars-wrapper"><div class="ts-stars-emptyBar" style="width:100%;"><i class="icon_db8d3657bdbe440c985ae127463eaad4-star-empty"></i><i class="icon_db8d3657bdbe440c985ae127463eaad4-star-empty"></i><i class="icon_db8d3657bdbe440c985ae127463eaad4-star-empty"></i><i class="icon_db8d3657bdbe440c985ae127463eaad4-star-empty"></i><i class="icon_db8d3657bdbe440c985ae127463eaad4-star-empty"></i></div><div class="ts-stars-fullBar" style="width:97%;"><i class="icon_db8d3657bdbe440c985ae127463eaad4-star-full"></i><i class="icon_db8d3657bdbe440c985ae127463eaad4-star-full"></i><i class="icon_db8d3657bdbe440c985ae127463eaad4-star-full"></i><i class="icon_db8d3657bdbe440c985ae127463eaad4-star-full"></i><i class="icon_db8d3657bdbe440c985ae127463eaad4-star-full"></i></div></div><div id="MarkInWordsBadge_db8d3657bdbe440c985ae127463eaad4">Sehr gut</div><div id="MarkBadge_db8d3657bdbe440c985ae127463eaad4">4.85/5.00</div></div></div><div id="BadgeFooter_db8d3657bdbe440c985ae127463eaad4" class="trustbadge-footer_db8d3657bdbe440c985ae127463eaad4 trustbadge-footer_db8d3657bdbe440c985ae127463eaad4__certified"><div id="TriangleBadge_db8d3657bdbe440c985ae127463eaad4" class="trustbadge-footer_db8d3657bdbe440c985ae127463eaad4__triangle"></div><div id="BottomSlantBadge_db8d3657bdbe440c985ae127463eaad4" class="trustbadge-footer_db8d3657bdbe440c985ae127463eaad4__bottom-slant-container"><svg width="100%" height="20" viewBox="0 0 10 5" preserveAspectRatio="none" class="trustbadge-footer_db8d3657bdbe440c985ae127463eaad4__bottom-slant"><polygon fill="#ffffff" stroke-width="0" points="0,1.5 0,0 10,0 16,0 "></polygon></svg></div><div class="trustbadge-footer_db8d3657bdbe440c985ae127463eaad4__container trustbadge-footer_db8d3657bdbe440c985ae127463eaad4__container--authentic-reviews"><div class="ts-col_db8d3657bdbe440c985ae127463eaad4"><div class="trustbadge-footer_db8d3657bdbe440c985ae127463eaad4__sub-text trustbadge-footer_db8d3657bdbe440c985ae127463eaad4__sub-text--authentic-reviews">Kunden-bewertungen</div></div><div class="ts-col_db8d3657bdbe440c985ae127463eaad4"><div class="trustbadge-footer_db8d3657bdbe440c985ae127463eaad4__logo"><span class="icon_db8d3657bdbe440c985ae127463eaad4 icon_db8d3657bdbe440c985ae127463eaad4-e-logo trustbadge-footer_db8d3657bdbe440c985ae127463eaad4__logo-icon"></span></div></div></div></div></div></div><div id="tscard4_db8d3657bdbe440c985ae127463eaad4" style="display: none; bottom: 0px;"><div id="Container_db8d3657bdbe440c985ae127463eaad4" class="tscard__container_db8d3657bdbe440c985ae127463eaad4"><div id="TopSlant_db8d3657bdbe440c985ae127463eaad4"><svg id="svgTop_db8d3657bdbe440c985ae127463eaad4" width="100%" height="20" viewBox="0 0 10 5" preserveAspectRatio="none"><polygon fill="#fff" stroke-width="0" points="0,10 0,5 0,5 25,0"></polygon></svg></div><div id="MenuDotsCard_db8d3657bdbe440c985ae127463eaad4" class="menu-button_db8d3657bdbe440c985ae127463eaad4 menu-button_db8d3657bdbe440c985ae127463eaad4--card " data-menu="MenuContainerMain_db8d3657bdbe440c985ae127463eaad4"><a href="javascript:void(null);" class="menu-button_db8d3657bdbe440c985ae127463eaad4__link"><div class="circle_db8d3657bdbe440c985ae127463eaad4 menu-button_db8d3657bdbe440c985ae127463eaad4__circle"></div><div class="circle_db8d3657bdbe440c985ae127463eaad4 menu-button_db8d3657bdbe440c985ae127463eaad4__circle"></div><div class="circle_db8d3657bdbe440c985ae127463eaad4 menu-button_db8d3657bdbe440c985ae127463eaad4__circle"></div></a></div><div class="menu_db8d3657bdbe440c985ae127463eaad4" id="MenuContainerMain_db8d3657bdbe440c985ae127463eaad4" style="visibility: hidden"><div class="menu_db8d3657bdbe440c985ae127463eaad4__container "><a href="https://www.trustedshops.de/bewertung/info_X426A3D511E63E8056FEC39016BEE4297.html?utm_source=shop&amp;utm_medium=link&amp;utm_content=menu_all_reviews__reviews_only&amp;utm_campaign=trustbadge_maximised" class="menu_db8d3657bdbe440c985ae127463eaad4__link trustbadgeMenuExternalLink_db8d3657bdbe440c985ae127463eaad4" target="_blank">Alle Bewertungen</a><a href="//www.trustedshops.de/impressum?utm_content=menu_all_imprint__reviews_only&amp;utm_campaign=trustbadge_maximised" class="menu_db8d3657bdbe440c985ae127463eaad4__link trustbadgeMenuExternalLink_db8d3657bdbe440c985ae127463eaad4" target="_blank"> Impressum</a><a href="//www.trustedshops.de/impressum?utm_content=menu_all_dataprotection__reviews_only&amp;utm_campaign=trustbadge_maximised" class="menu_db8d3657bdbe440c985ae127463eaad4__link trustbadgeMenuExternalLink_db8d3657bdbe440c985ae127463eaad4" target="_blank"> Datenschutz</a><div class="menu_db8d3657bdbe440c985ae127463eaad4__dash"></div><a href="javascript:void(null);" id="MinimizeCardLink_db8d3657bdbe440c985ae127463eaad4" class="menu_db8d3657bdbe440c985ae127463eaad4__link menu_db8d3657bdbe440c985ae127463eaad4__link--icon"><span>–</span>Minimieren</a></div><div class="menu_db8d3657bdbe440c985ae127463eaad4__triangle"></div></div><div id="Content_db8d3657bdbe440c985ae127463eaad4" class="content_db8d3657bdbe440c985ae127463eaad4 content_db8d3657bdbe440c985ae127463eaad4--trustbadge"><div id="ShopName_db8d3657bdbe440c985ae127463eaad4" title="hs-dampfer.de">hs-dampfer.de</div><div id="TrustmarkProtectionInfoLayer_db8d3657bdbe440c985ae127463eaad4" style="display:none;"><i class="icon_db8d3657bdbe440c985ae127463eaad4-shield"></i><div id="CloseTrustmarkInfoLayerButton_db8d3657bdbe440c985ae127463eaad4" class="closeIcon_db8d3657bdbe440c985ae127463eaad4">×</div><div class="headline_db8d3657bdbe440c985ae127463eaad4">Käuferschutz</div><span>In jedem Shop mit dem Trusted Shops Gütesiegel kaufen Sie sicher ein – nicht zuletzt dank unserer Geld-zurück-Garantie. Direkt nach der Bestellung können Sie mit nur einem Klick den aktuellen Einkauf, sowie automatisch alle zukünftigen Einkäufe in Shops mit dem Trusted Shops Gütesiegel, mit bis zu 0,- € kostenlos absichern lassen. Die Absicherungsdauer pro Einkauf beträgt 30 Tage.</span><br><br><p>Es gelten <a href="http://www.trustedshops.de/tsdocument/PROTECTION_TERMS_COMPLETE_de.pdf" target="_blank">die Mitgliedschafts- und Käuferschutzbedingungen</a>.</p></div><div class="table_db8d3657bdbe440c985ae127463eaad4"><div style="display:none;" id="ReviewsInfoLayer_db8d3657bdbe440c985ae127463eaad4" class="tableRow_db8d3657bdbe440c985ae127463eaad4 reviews-info-layer_db8d3657bdbe440c985ae127463eaad4 reviews-info-layer_db8d3657bdbe440c985ae127463eaad4--half"><div id="CloseReviewsInfoLayerButton_db8d3657bdbe440c985ae127463eaad4" class="closeIcon_db8d3657bdbe440c985ae127463eaad4">×</div><div class="tableCell_db8d3657bdbe440c985ae127463eaad4"><i class="icon_db8d3657bdbe440c985ae127463eaad4-comments-o"></i><p class="headline_db8d3657bdbe440c985ae127463eaad4">Kundenbewertungen</p><p class="reviews-info-layer_db8d3657bdbe440c985ae127463eaad4__description">Die Note „Sehr gut“ berechnet sich aus den 89 Trusted Shops Bewertungen der letzten 12 Monate, die im <a href="https://www.trustedshops.de/bewertung/info_X426A3D511E63E8056FEC39016BEE4297.html&amp;utm_source=shop&amp;utm_medium=link&amp;utm_content=ReviewsInfoLayer__reviews_only&amp;utm_campaign=trustbadge_maximised" target="_blank">Bewertungsprofil</a> eingesehen werden können.</p></div></div><div id="ReviewsRow_db8d3657bdbe440c985ae127463eaad4" class="tableRow_db8d3657bdbe440c985ae127463eaad4"><div id="ReviewsCellNo1_db8d3657bdbe440c985ae127463eaad4" class=" tableCell_db8d3657bdbe440c985ae127463eaad4 width50_db8d3657bdbe440c985ae127463eaad4   borderRight_db8d3657bdbe440c985ae127463eaad4 hover_db8d3657bdbe440c985ae127463eaad4 "><a href="javascript:void(null);" id="ReviewsLayerLink_db8d3657bdbe440c985ae127463eaad4" class="blockLink_db8d3657bdbe440c985ae127463eaad4"><div id="ReviewsBubbleImage_db8d3657bdbe440c985ae127463eaad4"><i class="icon_db8d3657bdbe440c985ae127463eaad4-comments-o"></i></div><div id="ReviewsRatingCount_db8d3657bdbe440c985ae127463eaad4"><span class="counter_db8d3657bdbe440c985ae127463eaad4">406</span><span id="commentText_db8d3657bdbe440c985ae127463eaad4">Kundenbewertungen</span></div></a></div><div id="ReviewsCellNo2_db8d3657bdbe440c985ae127463eaad4" class="tableCell_db8d3657bdbe440c985ae127463eaad4 width50_db8d3657bdbe440c985ae127463eaad4 "><a href="https://www.trustedshops.de/bewertung/info_X426A3D511E63E8056FEC39016BEE4297.html?utm_source=shop&amp;utm_medium=link&amp;utm_content=ReviewsCellNo2__reviews_only&amp;utm_campaign=trustbadge_maximised" id="" class="blockLink_db8d3657bdbe440c985ae127463eaad4" target="_blank"><div id="Stars_db8d3657bdbe440c985ae127463eaad4"><div class="ts-stars-wrapper"><div class="ts-stars-emptyBar" style="width:100%;"><i class="icon_db8d3657bdbe440c985ae127463eaad4-star-empty"></i><i class="icon_db8d3657bdbe440c985ae127463eaad4-star-empty"></i><i class="icon_db8d3657bdbe440c985ae127463eaad4-star-empty"></i><i class="icon_db8d3657bdbe440c985ae127463eaad4-star-empty"></i><i class="icon_db8d3657bdbe440c985ae127463eaad4-star-empty"></i></div><div class="ts-stars-fullBar" style="width:97%;"><i class="icon_db8d3657bdbe440c985ae127463eaad4-star-full"></i><i class="icon_db8d3657bdbe440c985ae127463eaad4-star-full"></i><i class="icon_db8d3657bdbe440c985ae127463eaad4-star-full"></i><i class="icon_db8d3657bdbe440c985ae127463eaad4-star-full"></i><i class="icon_db8d3657bdbe440c985ae127463eaad4-star-full"></i></div></div></div><div id="MarkInWords_db8d3657bdbe440c985ae127463eaad4" class="largeFontSize_db8d3657bdbe440c985ae127463eaad4">Sehr gut</div><div id="Mark_db8d3657bdbe440c985ae127463eaad4">4.85/5.00</div></a></div></div></div><div id="ReviewComments_db8d3657bdbe440c985ae127463eaad4"><div class="reviewContainer_db8d3657bdbe440c985ae127463eaad4"><div class="avatar_db8d3657bdbe440c985ae127463eaad4"><i class="icon_db8d3657bdbe440c985ae127463eaad4 icon-ts-avatar_db8d3657bdbe440c985ae127463eaad4"></i></div><div class="reviewContent_db8d3657bdbe440c985ae127463eaad4"><div class="header_db8d3657bdbe440c985ae127463eaad4"><div class="left_db8d3657bdbe440c985ae127463eaad4"><div class="stars_db8d3657bdbe440c985ae127463eaad4"><div class="ts-stars-wrapper"><div class="ts-stars-emptyBar" style="width:100%;"><i class="icon_db8d3657bdbe440c985ae127463eaad4-star-empty"></i><i class="icon_db8d3657bdbe440c985ae127463eaad4-star-empty"></i><i class="icon_db8d3657bdbe440c985ae127463eaad4-star-empty"></i><i class="icon_db8d3657bdbe440c985ae127463eaad4-star-empty"></i><i class="icon_db8d3657bdbe440c985ae127463eaad4-star-empty"></i></div><div class="ts-stars-fullBar" style="width:100%;"><i class="icon_db8d3657bdbe440c985ae127463eaad4-star-full"></i><i class="icon_db8d3657bdbe440c985ae127463eaad4-star-full"></i><i class="icon_db8d3657bdbe440c985ae127463eaad4-star-full"></i><i class="icon_db8d3657bdbe440c985ae127463eaad4-star-full"></i><i class="icon_db8d3657bdbe440c985ae127463eaad4-star-full"></i></div></div></div></div><div class="right_db8d3657bdbe440c985ae127463eaad4"><div class="date_db8d3657bdbe440c985ae127463eaad4">25.01.2017</div></div><div class="clear_db8d3657bdbe440c985ae127463eaad4"></div></div><div class="reviewText_db8d3657bdbe440c985ae127463eaad4">Gerne wieder</div></div><div class="clear_db8d3657bdbe440c985ae127463eaad4"></div></div><div class="reviewContainer_db8d3657bdbe440c985ae127463eaad4"><div class="avatar_db8d3657bdbe440c985ae127463eaad4"><i class="icon_db8d3657bdbe440c985ae127463eaad4 icon-ts-avatar_db8d3657bdbe440c985ae127463eaad4"></i></div><div class="reviewContent_db8d3657bdbe440c985ae127463eaad4"><div class="header_db8d3657bdbe440c985ae127463eaad4"><div class="left_db8d3657bdbe440c985ae127463eaad4"><div class="name_db8d3657bdbe440c985ae127463eaad4">Michael F</div><div class="stars_db8d3657bdbe440c985ae127463eaad4"><div class="ts-stars-wrapper"><div class="ts-stars-emptyBar" style="width:100%;"><i class="icon_db8d3657bdbe440c985ae127463eaad4-star-empty"></i><i class="icon_db8d3657bdbe440c985ae127463eaad4-star-empty"></i><i class="icon_db8d3657bdbe440c985ae127463eaad4-star-empty"></i><i class="icon_db8d3657bdbe440c985ae127463eaad4-star-empty"></i><i class="icon_db8d3657bdbe440c985ae127463eaad4-star-empty"></i></div><div class="ts-stars-fullBar" style="width:100%;"><i class="icon_db8d3657bdbe440c985ae127463eaad4-star-full"></i><i class="icon_db8d3657bdbe440c985ae127463eaad4-star-full"></i><i class="icon_db8d3657bdbe440c985ae127463eaad4-star-full"></i><i class="icon_db8d3657bdbe440c985ae127463eaad4-star-full"></i><i class="icon_db8d3657bdbe440c985ae127463eaad4-star-full"></i></div></div></div></div><div class="right_db8d3657bdbe440c985ae127463eaad4"><div class="date_db8d3657bdbe440c985ae127463eaad4">19.08.2017</div></div><div class="clear_db8d3657bdbe440c985ae127463eaad4"></div></div><div class="reviewText_db8d3657bdbe440c985ae127463eaad4">Alles prima und unkompliziert.</div></div><div class="clear_db8d3657bdbe440c985ae127463eaad4"></div></div><div class="reviewContainer_db8d3657bdbe440c985ae127463eaad4"><div class="avatar_db8d3657bdbe440c985ae127463eaad4"><i class="icon_db8d3657bdbe440c985ae127463eaad4 icon-ts-avatar_db8d3657bdbe440c985ae127463eaad4"></i></div><div class="reviewContent_db8d3657bdbe440c985ae127463eaad4"><div class="header_db8d3657bdbe440c985ae127463eaad4"><div class="left_db8d3657bdbe440c985ae127463eaad4"><div class="name_db8d3657bdbe440c985ae127463eaad4">Frank S</div><div class="stars_db8d3657bdbe440c985ae127463eaad4"><div class="ts-stars-wrapper"><div class="ts-stars-emptyBar" style="width:100%;"><i class="icon_db8d3657bdbe440c985ae127463eaad4-star-empty"></i><i class="icon_db8d3657bdbe440c985ae127463eaad4-star-empty"></i><i class="icon_db8d3657bdbe440c985ae127463eaad4-star-empty"></i><i class="icon_db8d3657bdbe440c985ae127463eaad4-star-empty"></i><i class="icon_db8d3657bdbe440c985ae127463eaad4-star-empty"></i></div><div class="ts-stars-fullBar" style="width:100%;"><i class="icon_db8d3657bdbe440c985ae127463eaad4-star-full"></i><i class="icon_db8d3657bdbe440c985ae127463eaad4-star-full"></i><i class="icon_db8d3657bdbe440c985ae127463eaad4-star-full"></i><i class="icon_db8d3657bdbe440c985ae127463eaad4-star-full"></i><i class="icon_db8d3657bdbe440c985ae127463eaad4-star-full"></i></div></div></div></div><div class="right_db8d3657bdbe440c985ae127463eaad4"><div class="date_db8d3657bdbe440c985ae127463eaad4">18.04.2017</div></div><div class="clear_db8d3657bdbe440c985ae127463eaad4"></div></div><div class="reviewText_db8d3657bdbe440c985ae127463eaad4">Alles Bestens</div></div><div class="clear_db8d3657bdbe440c985ae127463eaad4"></div></div><div id="ReviewSlideControls_db8d3657bdbe440c985ae127463eaad4" style="display:none;"><div><a class="control_db8d3657bdbe440c985ae127463eaad4" href="javascript:void(null);"></a><a class="control_db8d3657bdbe440c985ae127463eaad4" href="javascript:void(null);"></a><a class="control_db8d3657bdbe440c985ae127463eaad4" href="javascript:void(null);"></a></div></div></div></div><div class="clear_db8d3657bdbe440c985ae127463eaad4"></div><svg id="svgBottom_db8d3657bdbe440c985ae127463eaad4" width="100%" height="10" viewBox="0 0 9.9 5" preserveAspectRatio="none"><polygon fill="#FFDC0F" stroke-width="0" points="0,5 10,10 10,0 10,0"></polygon></svg><div id="Triangle_db8d3657bdbe440c985ae127463eaad4"></div><div id="TrustedShopsLogo_db8d3657bdbe440c985ae127463eaad4"><i class="icon_db8d3657bdbe440c985ae127463eaad4-e-trustedshops"></i></div><div id="Footer_db8d3657bdbe440c985ae127463eaad4"></div><div class="rotate-screen_db8d3657bdbe440c985ae127463eaad4  rotate-screen_db8d3657bdbe440c985ae127463eaad4--reviews-only "></div></div></div></body></html>