,domain,text
0,77records.de," DJ Equipment | DJ Zubehör ★ 77records.de Um 77records.de / Dein Shop für DJ-, Studio- und Licht-Equipment in vollem Umfang nutzen zu können, empfehlen wir Ihnen Javascript in Ihrem Browser zu aktiveren. Versandkostenfrei ab 25.- in DE / Tiefpreisgarantie Tel 08241 40 90 10 Fax 08241 40 90 199 77records.de / Dein Shop für DJ-, Studio- und Licht-Equipment Mein Konto Merkzettel Service/Hilfe Deutsch Deutsch Deutsch English Schweiz Warenkorb Warenkorb 0,00 €* Positionen anzeigen Bonuspunkte: 0 Home DIGITAL-DJ DJ Controller Mediaplayer Digital Vinyl Audio Interfaces DJ Software Effektgeräte Cases & Bags Tablet Hüllen, Sleeves & Bags Kabel & Adapter Laptop Ständer DJ-Tische Staubschutzcover Zubehör Digital-DJ Set-Bundles PLATTENSPIELER DJ-Plattenspieler USB Plattenspieler Plattenspieler-Cases Tonabnehmer DJ-Plattenspieler-Sets Phono USB Adapter Phono Vorverstärker Plattenspieler Ersatzteile Plattenspieler Zubehör Schallplatten & CD-Möbel Vinyl DJ-Tische Slipmats Kabel & Adapter Plattenkoffer CD-PLAYER DJ Einzel-CD-Player Doppel CD-Player Mediaplayer CD Player Bags & Zubehör CD-Player Cases CD-Aufbewahrung CD-Cases CD-Player Ständer Kabel & Adapter CD-Player Set-Bundles MIXER BAGS & CASES KOPFHÖRER IN-EARS ZUBEHÖR KOPFHÖRER LICHT Discokugeln LED Effekte Flowereffekte LED-BAR-Leisten LED PAR Scheinwerfer LED Effekte m.ACCU LED-Möbel Flutstrahler Gobo, Logo & Effektprojektion Nebelmaschinen Nebelfluide & Nebel-Zubehör Schneemaschinen Seifenblasenmaschinen Seifenblasenkonzentrate Moving Heads Laser Leuchtmittel Outdoor Light Packs Panels Party & Deko Licht Kabel & Adapter Ständer & Stative Scanner Spots Stroboskope Zubehör Lichtschlauch / Rubberlight STUDIO Audio Interfaces Kompressoren Mischpulte STUDIO-SPAR-BUNDLES Drums Studio Software Midi Controller Midi Keyboards Recorder Mikrofone Sampler Studio Lautsprecher Ständer & Stative Synthesizer Vorverstärker Workstations Zubehör ...mehr Racks - Road Cases Instrumente DJ-Möbel Effektgeräte Home Hifi Accessories Kabel & Adapter Lautsprecher & Verstärker Mikrofone Ständer & Stative SPECIAL DEALS LOVECOLORS Marken 12345Slide leftSlide right NEU Pioneer DJ-Starter-Pack / WeGO4 inkl.... Starter steht drauf - 100% Pioneer ist drin... mit diesem Set ist der Start gemacht 519,00 € * Zum Produkt TIPP! NEU JB Systems BATTLE 4-USB / 4-Kanal Battlemixer 9 Eingänge verteilt auf 4 Kanäle, Line-In, Phono-In, Mikrofon-In und 2 bidirektionale USB-Ports! Battle-mode! 179,00 € * Zum Produkt Reloop TOUCH 7""-Touchscreen DJ-Controller Weltweit erster DJ Controller mit Touchscreen inkl. VirtualDJ 8 PRO in der Vollversion 699,00 € * Zum Produkt OMNITRONIC WAMS-065BT / Mobil-PA mit... Superkompakte, leichte und leistungsfähige Aktivbox mit Bluetooth, Funkmikrofon, SD-Karten Slot, Mischpult, Effekt und EQ - Hier im Set-Angebot mit 12V / 2900 mAh... 115,00 € * Zum Produkt TIPP! NEU M-Audio UBER Mic - Professionelles USB Mikrofon M-Audio bietet mit dem UBER Mic ein professionelles USB-Mikrofon mit vier wechselbaren Richtcharakteristiken und Kopfhörerausgang an. 119,00 € * Zum Produkt TIPP! NEU Numark NS6II - Premium 4-Deck DJ Controller Professioneller 4-Deck DJ Controller mit gut ablesbaren 2? LCD Displays 799,00 € * Zum Produkt CAD AS32 - High End Reflection Filter / Mic... High End Akustik Schirm für Gesangs- und Instrumentenaufnahmen Statt: 129,00 € * 89,00 € * Zum Produkt % TIPP! 7even® Headphone white / Dj, Hifi, Sport... Hochwertiger und solider Dj Kopfhörer in weiß mit tauschbarem Kabel, 50mm Treiber im edlen Rubberfinish und Chromeframe Statt: 129,00 € * 55,00 € * Zum Produkt % TIPP! NEU Pioneer DJS-1000 / Stand-alone-DJ-Sampler Pioneer DJ DJS-1000 / DJ Pad Player, Sampler 1.279,00 € * Zum Produkt Unsere NeuheitenSlide leftSlide right Teenage Engineering PO-24 office... 69,00 € * Pioneer DJ-Starter-Pack / WeGO4... 519,00 € * EUROLITE LED Mini Strobe Bar SMD 48 59,90 € * JB Systems BATTLE 4-USB /... 179,00 € * Loading... DIGITAL-DJ DJ-Plattenspieler BAGS & CASES Discokugeln Tablet Hüllen, Sleeves & Bags LED-Möbel KOPFHÖRER Midi Controller Dj-Equipment Spar Bundle Sets:Slide leftSlide right Pioneer DDJ-SR Set: inklusive... 619,00 € * Pioneer DDJ-SR Set: inklusive... 609,00 € * Reloop Beatmix 2 MK2 Set Bundle... 289,00 € * Reloop Beatmix 4 Set Bundle:... 349,00 € * Reloop Terminal Mix 8 Set Bundle... 579,00 € * Reloop Neon Set Bundle inkl.... 159,00 € * Reloop Terminal Mix 8 Set Bundle... 579,00 € * Pioneer CDJ-850-K Set: 2 x... 1.899,00 € * 123Top MarkenSlide leftSlide right Slide leftSlide right Top SellerSeite 1 von 6Slide leftSlide right Pioneer PLX-500 / Plattenspieler... Statt: 369,00 € * 349,00 € * Pioneer PLX-500 weiss /... Statt: 369,00 € * 349,00 € * Love Colors EINHORN PULVER -... 12,90 € * Shure M44-7 inklusive Headshell... 85,00 € * Loading... Innovatives DJ Equipment und DJ Zubehör, das keine Wünsche offen lässt Lassen Sie die nächste Party unvergesslich werden und überraschen Sie Partygäste mit hochwertigem DJ Equipment und zahlreichen Special Effekten. DJs auf der Überholspur, Newcomer und Party Veranstalter aufgepasst, denn hier finden Sie vielseitiges Party und DJ Equipment für Ihre nächsten Events. Ob DJ Zubehör wie DJ Plattenspieler, Mediaplayer, Mixer, Mischpulte, Controller, Sampler, FX, Slipmats und Kopfhörer oder Party Equipment wie Discokugeln, Nebelmaschinen, Seifenblasen-, Schnee- oder Konfettimaschinen bis hin zur passenden Ausstattung wie LED Cubes, Möbel oder Vinylregale: Lassen Sie sich von unserem abwechslungsreichen Sortiment überraschen und finden Sie sämtliche Produkte, die auf keiner guten Party fehlen dürfen. Entdecken Sie unser professionelles DJ Equipment & vielseitiges DJ Zubehör Als aufstrebender oder erfolgreicher DJ sind Sie bei uns genau an der richtigen Adresse, denn bei uns erwartet Sie nicht nur eine hochwertige Auswahl an DJ Equiment für professionelle DJs, sondern auch funktionales DJ Zubehör für Einsteiger und Newcomer. Als Newcomer können Sie bei uns professionelle Technik finden, die wir Ihnen zu günstigen Preisen anbieten, so dass Sie nicht direkt zum Start ein teures DJ Equipment kaufen müssen. Unter unseren attraktiven Angeboten und Sets finden Sie echte Schnäppchen, die sich lohnen. DJ Zubehör wie ein DJ Mischpult erwartet Sie in unserem Shop selbstverständlich von führenden Anbieter auf dem Markt. Mit Pioneer, Ortofon, Allen & Heath, Shure, Denon, Akai, Reloop, Korg, Sennheiser, JBL, Gemini, Alesis, Numark, AKG, M-Audio, Presonus, RØDE, Synq, Ableton, Propellerhead, IK Multimedia, RME, Ultrasone, UDG, Magma, Zomo, Korg, Stanton, Eurolite, American Dj, Omnitronic und vielen mehr haben wir als DJ Zubehör Lieferant sämtliche bekannten Marken für Sie auf Lager. Mehr als Plattenspieler: Umfangreiches DJ Equipment für Ihre Ausrüstung DJ-Controller DJ Mixer DJ-Bags DJ Cases Kopfhörer Laptop Ständer Discokugeln DJ Equipment und DJ Zubehör: Profitieren Sie von attraktiven Angeboten Der DJ Plattenspieler bildet natürlich den Grundbaustein Ihres DJ Zubehörs, daher finden Sie bei uns sämtliche Plattenspieler, die keine Wünsche offen lassen, vor. USB Plattenspieler und Plattenspieler mit Direktantrieb warten schon auf den Einsatz bei Ihrem nächsten DJ Gig. In unserem DJ Zubehör Sortiment können Sie außerdem Controller bestellen, die besonders häufig von DJs verwendet werden. Tonabnehmer, Slipmats, Plattenbürsten und DJ Player sind in unserem Shop besonders preiswert zu bestellen und runden Ihr DJ Equipment erst richtig ab. Bei uns finden Sie vom 2-Kanal Battle Mixer über 3-Kanal bis hin zu USB-Mixern und Clubmischpulten alles, was Sie für einen erfolgreichen DJ Auftritt benötigen. Bei weiteren Fragen und Interesse an unseren Produkten, freuen wir uns darauf, Sie ausführlicher zu beraten. BonusartikelSlide leftSlide right UDG Digi Trolley To Go... für 850 Punkte Reloop Play - USB Audio... für 500 Punkte 7even® Color Tablet-Sleeve /... für 100 Punkte 7even® Professional Vinyl Deep... für 100 Punkte Loading... Newsletter 5€ Gutscheinsichern Telefonkontakt 08241 40 90 10 Mo. - Fr. 09:00 - 18:00 Livechat Service 77 DEAL - Die Tiefpreis und Deal Garantie EDU (SchulVersionen) Entsorgung Finanzierung & Leasing Kontakt Informationen Jobs Über uns Versand und Zahlungsbedingungen Angaben zur Lieferzeit Widerrufsrecht Datenschutz Allgemeine Geschäftsbedingungen Impressum Zahlung & Versand Top-Marken 7even LED-Cube Ableton ADJ AIAIAI Akai AKG Alesis Allen & Heath Audio Technica Beats by Dr. Dre Crane Crown Decksaver Denon Eurolite Fluid Audio Gemini Hercules JB Systems JBL Klotz Korg KRK M-Audio Magma Dj Bags Monster Nektar Nocs Novation Numark Odyssey Ortofon Pioneer DJ Prodector Rane Reloop Sennheiser Serato Shure Skullcandy SOL Republic Sony Stanton Technics UDG Ultrasone Vestax Zomo Zoom Top-Kategorien 7even® Headphone - Kopfhörer Audio Interfaces B-Waren und Abverkaufs Angebote Beats Shop Beyerdynamic Shop CD Koffer / CD Case CD Player Set Bundles Digital DJ Set Bundles Digital Vinyl Discokugel DJ CD Player DJ Controller DJ Kopfhörer DJ Mixer DJ Plattenspieler DJ und Studio Möbel DJ Zubehör DJ-Kopfhörer Tipps DJ-Tech Abverkauf Effektgeräte Hifi Kopfhörer Kopfhörer Ohrpolster Laptop Ständer LED Design Möbel LED Lichteffekte LED-Würfel u. Kugeln Love Colors HOLI Einhornpulver Mikrofone Nebelmaschinen Numark Shop Ortofon Shop Pioneer Controller Pioneer DDJ Controller Pioneer Mischpulte Plattenkoffer Plattenspieler Zubehör Pro Stands Prodector Shop Reloop Beatmix & Jockey Schallplatten-Zubehör Schneemaschine Seifenblasenmaschinen Sennheiser HD-25 Kopfhörer Shure Kopfhörer Shop Shure Kopfhörer Shop Slipmats Spiegelkugeln Studio Equipment Studio Kopfhörer Technics Ersatzteile Technics Plattenspieler Technics SL-1210 Tonabnehmer UDG Bags USB Plattenspieler Vestax DJ-Controller Xone Mixer Zomo DJ-Bags Zomo Flightbags Zomo Flightcases Links zu anderen interessanten Webseiten: Copyright © 2013 77records.de - Alle Rechte vorbehalten * Alle Preise inkl. gesetzl. Mehrwertsteuer zzgl. Versandkosten und ggf. Nachnahmegebühren, wenn nicht anders beschrieben. Alle verwendeten Bilder, Logos und aufgeführten Marken gehören ihren jeweiligen Inhabern und unterliegen den jeweiligen Bestimmungen Realisiert mit Shopware 15 Jahre 77records 77 DEAL - Die Tiefpreis und Deal Garantie Jobs Newsletter Über uns Kontakt Versand und Zahlungsbedingungen Angaben zur Lieferzeit Widerrufsrecht Datenschutz Allgemeine Geschäftsbedingungen Impressum "
1,absperrtechnik24.de," Absperrpfosten, Schilder, Fahrradständer und mehr | absperrtechnik24.de Sehr gut4.79/5.00Zertifiziert seit 10.03.2005×Zertifizierter Shop Vermeiden Sie Glatteisunfälle! Und kommen Sie gut durch den Winter: Streuwagen und -behälter Warnschilder und -fahnen Schneeschieber und -schaufeln Schneefangzäune und Leitstäbe Bodenreparatur-Artikel Wir machen die Stadt mobil! stabile Konstruktionen aus hochwertigem Stahl oder Edelstahl zuverlässiger Korrosionsschutz durch Verzinkung einfache und flexible Montage wir bieten Lösungen für alle Fahrradtypen in vielfältigen Designs erhältlich Erste-Hilfe-Materialien Gut versorgt im Betrieb und auf der Baustelle Verbandkoffer und Verbandschränke Augenspülungen und Desinfektionsmittel Wundversorgung und Hautpflege Sanitätsraum-Einrichtung, KfZ-Sicherheit und mehr Im Notfall ist der Fluchtweg das Ziel! robuste und sabotagesichere Metallausführungen keine unbefugte Nutzung von Notausgängen Türen lassen sich im Notfall mühelos öffnen je nach Modell an Türen oder Fenstern einsetzbar Themenwelten Angebote Neuheiten Absperrtechnik Baustellenbedarf Betriebsbedarf Parkplatzausstattung Schilder Stadtmobiliar Verkehrstechnik Von A wie Absperrpfosten bis Z wie Zaunsysteme Herzlich willkommen bei Absperrtechnik24, einem Onlineshop der Stein HGS GmbH. Wir sind die erste Adresse, wenn es um Absperrtechnik, Baustellen- und Betriebsbedarf, Parkplatzausstattung, Schilder, Stadtmobiliar und Verkehrstechnik geht. Ihr zuverlässiger Partner Bereits seit über 15 Jahren vertrauen unsere Kunden auf unser Fachwissen und die qualitativ hochwertigen Produkte. Bei uns erhalten Sie alles aus einer Hand vom Absperrpfosten über Markierfarbe bis zum Zaunsystem. Profitieren Sie von unserem umfangreichen Sortiment mit weit über 150.000 Artikeln. Diese können Sie bequem über unseren Online-Shop bestellen oder Sie senden uns Ihre Bestellung einfach per Fax oder E-Mail. Fachkundige Beratung und Service Wir sind gerne für Sie da! Die persönliche Beratung durch unsere erfahrenen Mitarbeiter zählt für uns zu den wichtigsten Serviceleistungen. Wir stehen Ihnen gerne bei der Suche nach den gewünschten Produkten zur Seite, zögern Sie nicht uns anzurufen oder uns über das Kontaktformular anzuschreiben. Klassifizierungen und individuelle Lösungen In unserer großen Produktauswahl kann die Entscheidung für ein bestimmtes Produkt manchmal schwer fallen. Um Ihnen Ihre Wahl zu erleichtern, haben wir ausgewählte Produkte mit Klassifizierungen wie ""Topseller"", ""Premium"" und ""Tipp"" gekennzeichnet. So können Sie auf einen Blick erkennen, ob ein Produkt besonders beliebt ist, sich durch besonders hohe Qualität auszeichnet oder eine persönliche Produkt-Empfehlung von uns ist. Sollten Sie nicht das für Sie passende Produkt finden, beraten wir Sie gerne und erstellen Ihnen nach Ihren individuellen Erfordernissen ein Angebot über eine Sonderanfertigung. Faire Preise Wir bieten Ihnen hochqualitative Produkte und Service zu einem unschlagbaren Preis-Leistungs-Verhältnis an. Mit unserer Bestpreis-Garantie versuchen wir immer Ihnen den günstigsten Preis anzubieten. Sollten Sie also einen Artikel bei einem anderen Anbieter zu einem niedrigeren Preis sehen, teilen Sie uns dies mit und wir bemühen uns Ihnen ein günstigeres Angebot zu unterbreiten. Gerne können Sie dafür unser Online-Formular nutzen. Sicherer Einkauf Unser Shop ist von Trusted Shops zertifiziert, das heißt wir bieten Ihnen einen zuverlässigen Käuferschutz an. Damit Sie unbesorgt Bestellungen aufgeben und bezahlen können, sind Sie nach Abschluss gegen den Verlust Ihrer Kaufpreiszahlung im Fall der Nicht-Lieferung oder Nicht-Erstattung versichert - unabhängig von der gewählten Zahlungsart. Die Sicherheit Ihrer Daten, die Sie im Rahmen des Bestellprozesses angeben, gewährleisten wir durch SSL-Verschlüsselung. Lieferung und Versand Ihre Bestellungen werden immer spätestens am nächsten Werktag bearbeitet. Um eine schnellstmögliche Lieferung zu ermöglichen sind viele unserer Artikel aus Lagerbestand innerhalb von 72 Stunden lieferbar. Wir liefern unsere Produkte innerhalb Deutschlands, Österreichs und den BeNeLux-Staaten (Festland). Auf Anfrage können wir Ihnen auch Lieferungen in andere EU-Länder anbieten. Stets informiert Über unseren Newsletter informieren wir Sie regelmäßig über tolle Angebote und Produktneuheiten. Interessantes oder auch manchmal Kurioses erfahren Sie über unseren Blog. Darüber hinaus finden Sie uns außerdem auf Google+, Facebook, Twitter, Xing und Youtube. Wir freuen uns auf Sie und stehen Ihnen als zuverlässiger Partner gerne zur Seite. Telefon-Beratung+49 (0)40 / 702 918 0 Preiswert einkaufen Unsere Kataloge Neue Blogeinträge Professionelle Reinigungsmittel für Haushalt und Gewerbe Warum eine mobile Tankanlage Zeit und Kosten sparen kann Umweltschutz und wirtschaftlicher Erfolg Hand in Hand: Die Stein HGS zeichnet sich bei ÖKOPROFIT aus Jetzt per App einkaufen Unsere Empfehlungen: Parkplatzkennzeichnung / Hinweisschild, Parken verboten ab 6,04 € Endstück für Kabelbrücke Typ 335 ab 31,50 € Zecken-Set Actiomedic® -First Aid- 3,70 € Bodenhülse zum Einbetonieren für Poller -KICKBACK-©, Ø 60 mm ab 17,85 € Fahnenschildhalter Befestigungselement -Clear-, Breite 120 oder 280 mm ab 20,90 € Sitzbank -Level- mit Rückenlehne, aus Edelstahl, Sitz- und Rückenfläche aus Robinien-Holz, mobil ab 1667,25 € Service | Impressum | Datenschutz | AGB | Karriere | Kontakt | Merkzettel (0) Merkzettel (0) | Registrieren | Anmelden Anmelden E-Mail Adresse Ihr Passwort Passwort vergessen? Warenkorb (0) x Angebote Aktionspreise Restposten Neuheiten Absperrtechnik Absperrbügel Flexible Kunststoffpfosten Scherensperren Absperrbänder Geländersysteme Schranken und Wegesperren Absperrgitter Haltverbotszonen-Sets Sicherheitstüren Absperrpfosten Höhenbegrenzer Stilpoller Absperrschranken Kettenständer Wegesperren Baumschutz Leitkegel Zubehör Bauzäune Baustellenbedarf Absperrgitter Hochbau Mobile Tankanlagen Baueimer und Mörtelkübel Kabelbrücken Sackkarren Baustellenabsicherung Kabelüberführungen Schubkarren Baustellenschilder Ladeschaufeln Signalleuchten und Lampen Baustellenzubehör Lagersysteme Tiefbau Bauzäune Lastenroller Transportsicherung Fahrbahnteiler Leitborde und Anfahrschwellen Verlegegeräte und Hebewerkzeuge Gabelstaplerzubehör Leitkegel Zubehör zur Schildmontage Haltverbotszonen-Sets Betriebsbedarf Abfallsysteme Maschinenschutzgitter Schubkarren Betriebssicherheit Materialcontainer Sicherheitstüren Bodenmarkierungen Orientierungssysteme Sichttafelsysteme Bodenreparatur Personenleitsysteme Spiegel Geländersysteme Präsentationssysteme Transportsicherung Industrielle Markierstifte Rammschutz und Schutzprofile Unterstände Kabelbrücken Raucherunterstände Verkehrszeichen für Betriebe Kettenständer Reinigung Warnaufsteller Lagersysteme Sackkarren Warnmarkierungen Leitkegel Scherensperren Parkplatzausstattung Absperrpfosten Leitborde und Anfahrschwellen Schranken und Wegesperren Bodenmarkierungen Leitkegel Stilpoller Bodenreparatur Parkausweise Temposchwellen Fahrbahnteiler Parkplatzbeschilderungssysteme Thermoplastische Markierung Höhenbegrenzer Parkplatzschilder Verkehrsspiegel Kettenständer Parkplatzsperren Schilder Baustellenschilder Hausnummern und Straßennamenschilder Rohrleitungskennzeichnung Betriebskennzeichnung Hinweisschilder für Gewerbe und Gastronomie Schilder zur Abfallentsorgung Blitzerschilder Hundeschilder Sicherheitsaushänge und Betriebsanweisungen Brandschutzkennzeichnung Inventarkennzeichnung Strahlenschutzkennzeichnung Elektrokennzeichnung Kilometertafeln Türschilder Fluchtwegkennzeichnung Kinder- und Spielplatzschilder Verbotsschilder Friedhof- und Kirchenschilder Kraftfahrzeugkennzeichnung Verkehrszeichen Gebotsschilder Laserkennzeichnung Verpackungskennzeichnung Gefahrstoffkennzeichnung Leitmale Warnschilder Gewässerschilder Maschinenkennzeichnung Winterschilder Grundbesitzkennzeichnung Parkplatzkennzeichnung Zubehör zur Schildmontage Haltverbotsschilder Prüfplaketten und Qualitätskennzeichnung Stadtmobiliar 3p-Technologie Fahrradständer Stilpoller Abfallsysteme Flaggen Tische Absperrpfosten Pflanzbehälter Winterartikel Baumschutz Schaukästen Wäschetrockengerüste Bewegungsgeräte Sitzbänke Überdachungen Design-Serien Spiegel Zaunsysteme Fahnenmasten Standlehnen Verkehrstechnik Absperrbänder Höhenbegrenzer Sichtzeichen Absperrgitter Kabelbrücken Signalleuchten und Lampen Absperrschranken Kabelüberführungen Verkehrsberuhigung Baken Leitborde und Anfahrschwellen Verkehrsleitsäulen Bakenfüße Leitkegel Verkehrsspiegel Bodenmarkierungen Leitpfosten Verkehrszeichen Bodenreparatur Schilderständer Verkehrszeichen StVO Fahrbahnteiler Schranken und Wegesperren Warnfahnen Faltsignale Schrankenzäune Warnmarkierungen Haltverbotszonen-Sets Ihre Vorteile Fachkundige Beratung Bestpreis-Garantie Persönlicher Service Individuelle Fertigung Trusted Shops zertifiziert Service Zahlung Lieferung und Versand Reklamation und Retoure FAQ / Häufige Fragen Batteriegesetz Information Glossar Inhalt Datenschutz Impressum AGB Zahlung RECHNUNG BEI VORKASSE Besuchen Sie uns auch hier Servicetelefon +49 (0)40 / 702 918 0 Unser Online-Angebot richtet sich ausschließlich an Industrie, Handwerk, Gewerbe, Kommunen und andere öffentliche Einrichtungen.Alle Preise zzgl. Mehrwertsteuer und Versandkosten. 4.79 / 5.00 von 1598 Bewertungen Lade...Zertifikat prüfenKäuferschutzbedingungenAlle Bewertungen Impressum Datenschutz+Maximieren×SchließenSehr gut4.79/5.00Zertifizierter ShopZertifikat prüfenKäuferschutzbedingungenAlle Bewertungen Impressum Datenschutz–Minimierenabsperrtechnik24.de×KäuferschutzSie können sich nach dem Einkauf für die kostenlose Trusted Shops Mitgliedschaft Basic anmelden, inkl. Käuferschutz bis je 100 € für den aktuellen Einkauf sowie für Ihre weiteren Einkäufe in deutschen Shops mit dem Trusted Shops Gütesiegel.Mit Trusted Shops PLUS (inkl. Garantie) werden Ihre Einkäufe sogar bis je 20.000 € durch den Käuferschutz (inkl. Garantie) abgesichert, für 9,90 € pro Jahr inkl. MwSt. bei einer Mindestvertragslaufzeit von 1 Jahr. Die Absicherungsdauer des Käuferschutzes pro Einkauf beträgt in beiden Fällen 30 Tage.Es gelten die Mitgliedschafts- und Käuferschutzbedingungen.Zertifiziertseit 10.03.2005Käuferschutzbis zu 20.000 €×KundenbewertungenDie Note „Sehr gut“ berechnet sich aus den 368 Trusted Shops Bewertungen der letzten 12 Monate, die im Bewertungsprofil eingesehen werden können.1.598KundenbewertungenSehr gut4.79/5.0029.03.2017Alles bestens.15.09.2017Alles wunderbar funktioniert28.11.2017Hat alles super geklappt."
2,ackermedia.de," Hosting - Avernis Domain bestellen / Domains umziehen / reservieren . de Alle at co.at or.at be biz cc ch cn co com de es eu fr in info it la li lu me mobi name net nu org re ru se sg tc tv tv co.uk me.uk org.uk vg wien ws xxx Viele Domains? Masseneingabe Service-Telefon: +49 7531 1306-60 | 07531 1306-60 Kundenlogin Hosting Domains Service Kontakt Impressum Hosting basic max15 Testaccount Webspace-Vergleich SEO Reseller Häufige Fragen Technik Auszeichnungen TLS-Zertifikat Wir akzeptieren Hosting Moderne Verwaltung mit LiveConfig® * inkl. ""Let's encrypt"" 1 Domain enthalten 1.500 MB Speicher Traffic-Flatrate 2 MySQL-Datenbanken 5.000 MB Mailspeicher E-Mail-Postfächer enthalten u.v.m. inklusiv 3 Domains enthalten 5.000 MB Speicher Traffic-Flatrate 6 MySQL-Datenbanken 12.000 MB Mailspeicher E-Mail-Postfächer enthalten E-Mail-Adressen enthalten Subdomains, FTP-Accounts u.v.m. inklusiv 5 Domains enthalten 15.000 MB Speicher Traffic-Flatrate 15 MySQL-Datenbanken 25.000 MB Mailspeicher E-Mail-Postfächer enthalten E-Mail-Adressen enthalten Subdomains, FTP-Accounts u.v.m. inklusiv 9 Domains enthalten 25.000 MB Speicher Traffic-Flatrate 25 MySQL-Datenbanken 50.000 MB Mailspeicher E-Mail-Postfächer enthalten E-Mail-Adressen enthalten Subdomains, FTP-Accounts u.v.m. inklusiv Garantierte Performance, maximal 15 Kunden pro Server 16 .de-Domains enthalten Reselleraccount mit 15 anlegbaren Webs 50.000 MB Speicher Traffic-Flatrate 50 MySQL-Datenbanken Mailspeicher, E-Mail-Postfächer und -Adressen enthalten eigene IP-Adresse, auf Wunsch SSH-Zugang u.v.m. inklusiv Mehr Details siehe Webspace-Vergleich Alle Preise enthalten die gesetzliche Mehrwertsteuer Tägliche Datensicherung Daten werden jede Nacht automatisch in ein anderes Rechenzentrum gesichert und 10 Tage vorgehalten. Domains Dynamisches DNS wie zuhause.example.com. (*) DNS-Konfiguration DNSSEC auf Wunsch. (*) E-Mail Spam-Filter mit Konfigurationsmöglichkeiten Spam-Shredder löscht auf Wunsch Spam nach 14 Tagen Auto-Konfiguration Kontoeinrichtung nur mit E-Mail-Adresse (=Benutzername) und Passwort - sofern vom E-Mail-Programm unterstützt. (*) Weiterleitung zu anderen Adressen Abwesenheitsnachricht automatische Antwort, z.B. während Abwesenheits / Urlaub Technische Details geeignet für Blogs und CMS wie z.B. WordPress, Redaxo, Joomla!, Drupal, Contao, Typo3 eigene Statusseiten wie 403, 404 ausführliche Statistiken Zugriff auf Logfiles und AWStats .htaccess und mod_rewrite für benuzter- und suchmaschinenfreunldiche URLs auch mit Nginx als Reverse-Proxy für stark besuchte Seiten php.ini anpassbar für einige Parameter viele weitere Leistungen komfortable Verwaltungsoberfläche Support per E-Mail per Telefon +49 7531 1306-60 (Festnetz DE) Vertragliches basic Mindestlaufzeit 12 Monate, Kündigungsfrist 1 Monat, Verlängerung um 12 Monate profi Mindestlaufzeit 12 Monate, Kündigungsfrist 1 Monat, Verlängerung um 6 Monate premium, business, max15 Mindestlaufzeit 6 Monate, Kündigungsfrist 1 Monat, Verlängerung um 6 Monate (*) Für neu eingerichtete Pakete ab 04.03.2016. LiveConfig wird für alle neu eingerichteten Pakete seit 04.03.2016 verwendet. » Aktuelle Auszeichnungen Alle Auszeichnungen Zahlung möglich per SEPA-Basis-Lastschrift oder Überweisung - jeweils ohne Aufpreis. Alle Preisangaben inkl. 19% MwSt (Deutschland).Innerhalb der EU können die Preise durch die Ihrem Land geltende Mehrwertsteuer geringfügig anders ausfallen. Hierüber informieren wir gerne auf Anfrage. Wir sind bereit, an Streitbeilegungsverfahren bei einer Verbraucherschlichtungsstelle teilzunehmen. Die Europäische Kommission stellt auf http://ec.europa.eu/consumers/odr/ eine Plattform zur Online-Streitbeilegung (OS) bereit. Verbraucher können diese Plattform für die Beilegung ihrer Streitigkeiten nutzen. Kontakt • Supportforum • Sitemap • Datenschutz • Warenkorb "
3,acris-ecommerce.at," E-Commerce & Shopware Agentur aus Linz OÖ ► ACRIS E-Commerce .wpb_animate_when_almost_visible { opacity: 1; } Unternehmen Jobs Partner Referenzen Kontakt Main Navigation Menu E-Commerce E-Commerce Consulting E-Business Multichannel Cross-Channel Strategie Multichannel Controlling Konzeption Funktionale Konzeption Anforderungsanalyse E-Commerce News Shopware Solution Partner Shopware Agentur ACRIS Shopware Solution Partner Shopware Shopware 5 Versionen Shopware 5 Demo Premium Shopware Plugins Über Shopware Neu: Shopware 5.2 Shopware Hosting Shopware Managed Server Shopware Hosting Advanced Shopware Hosting Basis SSL Zertifikate Webshop SEO/SEA Webshop SEO/SEA SEO Projektvorgehen SEA – Google AdWords Opus Capita PIM Premium Partner Über Opus Capita Product Information Management Hersteller und Händler E-Commerce & Webshops Print Publishing Branchenlösungen Kontakt E-Commerce E-Commerce Consulting E-Business Multichannel Cross-Channel Strategie Multichannel Controlling Konzeption Funktionale Konzeption Anforderungsanalyse E-Commerce News Shopware Solution Partner Shopware Agentur ACRIS Shopware Solution Partner Shopware Shopware 5 Versionen Shopware 5 Demo Premium Shopware Plugins Über Shopware Neu: Shopware 5.2 Shopware Hosting Shopware Managed Server Shopware Hosting Advanced Shopware Hosting Basis SSL Zertifikate Webshop SEO/SEA Webshop SEO/SEA SEO Projektvorgehen SEA – Google AdWords Opus Capita PIM Premium Partner Über Opus Capita Product Information Management Hersteller und Händler E-Commerce & Webshops Print Publishing Branchenlösungen Kontakt ACRIS E-Commerce GmbH die professionelle E-Commerce Agentur In Sachen E-Commerce kann uns keiner etwas vormachen! ACRIS ist DER Ansprechpartner für E-Commerce Consulting, Entwicklung von Shopware Webshops und Online Marketing. Wir sind seit mehr als 16 Jahren als E-Commerce Agentur erfolgreich. Außerdem haben wir zahlreiche Projekte im B2C und B2B Umfeld umgesetzt. Unser guter Ruf basiert auf Wissen, die Erfüllung der Wünsche unserer Kunden und unseren Einsatz. Unser Team bestehend aus zahlreichen E-Commerce Experten widmet sich Ihrem Projekt mit vollem Einsatz. Fordern Sie jetzt ein unverbindliches Angebot an! Unverbindliches Angebot anfordern KONZEPT & PLANUNG Die Konzeption und Planung ist die Basis eines erfolgreichen E-Commerce Beratung Projektes – und bei uns Voraussetzung! Deshalb erstellen wir als E-Commerce Agentur ein detailliertes Lastenheft oder halten Ihre Anforderungen mit unserem ACRIS Ticketsystem fest. Dadurch besitzen wir die Basis, um Ihr Ecom Projekt langfristig betreuen zu können. Entwicklung & Umsetzung Die Entwickler unserer E-Commerce Agentur haben umfangreiche Erfahrungen gesammelt. Die Anbindung an ERP Systeme wie SAP, Microsoft Navision, Microsoft Dynamics AX, Sage, RZA, SoftEngine und weitere Backendsysteme sind für uns gängig. Wir passen die Webshop Software exakt an Ihre Bedürfnisse an. Außerdem erstellen wir individuelle Module. E-Commerce Beratung & Consulting Wir stehen an Ihrer Seite und führen Ihre Projekte zum Erfolg! Unsere Consultants unterstützen Sie bei der Entwicklung einer E-Commerce Strategie, der Prozesseinbindung oder der Prozessautomatisierung. Wir ermöglichen Ihnen mehr Umsatz im Ecommerce Markt. Mobile & Responsive Die Template-Spezialisten unserer E-Commerce Agentur können Mobile & Responsive-optimierte Webshops umsetzen. Wir entwickeln ein individuelles Layout für Sie. Dieses funktioniert auf allen gängigen Browsern und Geräten. Wir passen Ihren Webshop an Ihr Firmen CI / CD an. Dadurch integriert er sich in Ihrem Marketingkonzept. Außerdem spiegelt er die Identität Ihres Unternehmens wider. Google SEA,SEO, E-Mail Automation Wir sind zertifizierter Google Partner. Unsere Spezialisten optimieren Ihre Google Adwords Kampagnen – nach den gemeinsam definierten Zielen. Nicht nur unsere Kunden erkennen, dass unsere SEO Spezialisten SPITZE sind – sondern auch Google. Unsere Kunden sind auf den vorderen Plätzen zu finden. Auch das Thema Marketing Automation können wir für Sie übernehmen. Webshop Security Security ist Vertrauenssache. Wir setzen bei unseren Webshop-Projekten eine Daten-Verschlüsselung ein. Unsere Entwickler nehmen an Security Schulungen teil. Dadurch entwickeln sie die Webshops sicher. Außerdem sind wir Partner von SecureShop.at. Überprüfen Sie Ihren Webshop auf Sicherheitslücken prüfen und lassen Sie Ihn zertifizieren. ACRIS gewinnt mit Kelag den E-Commerce Award 2015 Österreichischer Shopware-Shop „Kelag“ gewinnt Anton Award Das sagt Kelag zum Sieg „Wir freuen ganz besonders über den Anton-Award, weil er uns im eingeschlagenen Weg voll bestätigt. Das Besondere von Kelag myShop ist, dass wir Energieverträge und energieeffiziente Produkte wie z.B. LED-Leuchtmittel, SmartHome-Produkte u.v.m. in einem Verkaufsprozess integrieren konnten. In nur sechs Monaten Umsetzungszeit ist es uns gelungen Single-Sign-On, SAP-Module, Zahlungsdienstleister und Logistik anzubinden. Die Basis für unseren Erfolg bildete die sehr flexible Shop-Software von Shopware. Das perfekte Zusammenspiel von Systemintegrator ACRIS und unserem internen Team war schlussendlich für dieses tolle Ergebnis entscheidend“, freut sich Gernot Fortunat, Kelag. Und auch bei ACRIS ist die Freude groß „Wir konnten mit dem Kelag-Projekt einen innovativen und einzigartigen Webshop umsetzen. So mussten wir viele Standardprozesse anpassen und viele Plugins entwickeln, um die hohen Erwartungen und Anforderungen des Kunden erfüllen zu können. Dank der hohen Kompetenz des ACRIS Entwicklungs-Teams wurde das Projekt pünkltich und im Rahmen des vereinbarten Budgets realisiert. An dieser Stelle möchte ich mich bei dem gesamten Kelag-Team, als auch beim ACRIS-Team für die perfekte Zusammenarbeit bedanken und gleichzeitig zum Gewinn des Anton Awards gratulieren“, Wolfgang Kern, ACRIS E-Commerce GmbH. Referenzen hartlauer.at Webshop shop.t-mobile.at Online Marketing thalia.at Consulting myshop.kelag.at Consulting, Webshop loeffler-shop.at Webshop biopure.eu Webshop optik.hartlauer.at Webshop fotogalerie.hartlauer.at Webshop Alle Referenzen Kundenstatements Florian Freidhager Head of Digital - Hartlauer Mit dem ACRIS Team haben wir einen kompetenten und zuverlässigen Partner für die Umsetzung unseres neuen Onlineshops ausgesucht. Das Projekt wird bei Hartlauer als Referenz für vorbildliche Projektarbeit verwendet. Johannes Weinzierl, MBA Prokurist - Hartlauer Immer am Puls der Zeit zu sein ist uns wichtig – mit der Umsetzung eines Responsive Design für die optimale Darstellung unseres Onlineshops auf mobilen Endgeräten haben wir hier mit der Firma ACRIS einen wichtigen Schritt getan. Josef Pretzl Geschäftsführer - Thalia Die Firma ACRIS hat die sehr erfolgreiche Einführung von THAWIS, dem SAP basierten ERP und Warenwirtschaftssystem bei Thalia.at wesentlich und äußerst kompetent begleitet. Frau Daniela Kern hat als Projektmanagerin die Teilprojekte Sortiment und Einkauf mit höchster fachlicher, als auch mit hoher sozialer Kompetenz umgesetzt. Sie hat viel Erfahrung als Projektmanagerin und eine hohe Expertise im Einzelhandel, insbesondere in den Bereichen Sortiment, Einkauf, Supply Chain und Controlling. 123 Unsere Partner Einige Daten 72 Zufriedene Kunden 163 Projekte 124 Jahre Erfahrung 10 Mitarbeiter Suchen Sie eine Webagentur mit einem zuverlässigen Team? Sie haben uns gefunden! Wir sind DIE E-Commerce Beratung Profis. Wir besitzen eine langjährige Erfahrung im Webshop und ERP Umfeld. Schicken Sie uns eine kurze E-Mail. Wir melden uns bei Ihnen. ACRIS E-Commerce GmbH Am Pfenningberg 60 4040 Linz / Austria +43 720 303750 Mo-Do 8-17:00 Uhr / Fr 8-13:00 Uhr office@acris.at Kontaktieren Sie uns Spezialisten kontaktieren >> ACRIS E-Commerce GmbH Kontakt Jobs AGB Datenschutz Impressum "
4,adepto-shop.de," ADEPTO - Reinigungsfachhandel - Versandkosten pauschal mit 4,00 € pro Bestellung. 30 Tage Widerrufsrecht Versand innerhalb von 3 - 7 Tagen Service & Beratung Tel. 08142 6670961 (Ortstarif) Startseite Mein Konto News Kontakt Anmelden Passwort vergessen Jetzt registrieren 0 Warenkorb(0,00 €) Sonderangebot –25% Vermop Vermop... Sonderpreis 3,60 €Grundpreis: 3,60 € pro linkl. 19% USt., zzgl. Versand (Standard) –25% Vermop Vermop... Sonderpreis 13,62 €Grundpreis: 6,81 € pro linkl. 19% USt., zzgl. Versand (Standard) –25% Vermop Vermop Intensivreiniger 1 l. Sonderpreis 7,37 €Grundpreis: 7,37 € pro 1 Linkl. 19% USt., zzgl. Versand (Standard) prevnext Neu im Sortiment! mobiloclean mline² Duftspender, weiß 58,31 €inkl. 19% USt., zzgl. Versand (Standard) mobiloclean mclean OB20 Citro... 20,72 €inkl. 19% USt., zzgl. Versand (Standard) mobiloclean mclean BS13 Selbstglanzemulsion,... 46,36 €inkl. 19% USt., zzgl. Versand (Standard) prevnext Top Angebote Unger Unger nLite HydroPower - bis... NEU 2014 - Das effizienteste DI-Reinwassersystem aller Zeiten!! DI12T - Der neue nLite... 311,21 €inkl. 19% USt., zzgl. Versand (Standard) Unger Unger HydroPower - Deckel -... NEU 2014 - Das effizienteste DI-Reinwassersystem aller Zeiten!! DI12T - Der neue nLite... 87,92 €inkl. 19% USt., zzgl. Versand (Standard) Unger Unger HiFlo nLite Alu... Aluminiumstange mit überragender Steifigkeit. 68,35 €inkl. 19% USt., zzgl. Versand (Standard) prevnext Unsere Bestseller Unger Unger SmartColor MicroWipe blau... 40x40cm 0,99 €inkl. 19% USt., zzgl. Versand (Standard) Unger Unger ErgoTec Ninja Micro Wipe,... ErgoTec Ninja Micro Wipe. Das Hochleistungsfähige... ab 3,40 €inkl. 19% USt., zzgl. Versand (Standard) Unger Unger... ErgoTec Jubiläums Soft Gummi in GRÜN - hochwertige Qualität -... 2,06 €inkl. 19% USt., zzgl. Versand (Standard) prevnext Die Firma ZWETKO mit ""ADEPTO"" bietet Produkte die zur Reinigung gebraucht werden ....... Wir bieten Ihnen nicht nur für eine professionelle Reinigung alles was Sie brauchen, auch zur Reinigung für Firmenreinigungen, Unterhaltsreinigung in Schulen, Kindergärten, Firmen, Haushalt aber auch zur Reinigung im speziellen Bereichen, wie Auto, Wintergärten, Fensterputzer, Glasreinigung, Solaranlagen, PV Anlagen. lesen Sie weiter ...! Bei uns dreht sich alles um das Thema Reinigung. Sie haben ein Problem wenn es um die Reinigung geht? Wir haben die Lösung dafür. Egal ob es sich um textile oder nichttextile Beläge wie Hartböden, Polstermöbel, Teppiche oder um Glasreinigung oder Solarreinigung geht. Mit unseren Produkten unterstützen wir Sie bei der Bewältigung der Probleme. Wir sind für den Raum in und um München autorisierter HiFlo Stützpunkthändler und Servicepartner der Firma Unger Germany GmbH. Besuchen Sie uns in unserem Abholmarkt in Olching, Gewerbering 10A, 82140 Olching. Kommen Sie zu uns in den Abholmarkt und lassen sich beraten oder schauen die Produkte und Maschinen an. Sie können die verschiedene Maschinen auch mieten, um sie zu testen oder wenn diese nur einmalig gebraucht werden. Wir bieten auch immer wieder gebrauchte Maschinen an. Gerne stellen wir Ihnen das perfekte System für Ihre Solaranlagenreinigung, Wintergartenreinigung und Glasreinigung zusammen. Unsere Kunden sind Solaranlagenreiniger, Gebäudereinigungsunternehmen, Glasreiniger, Solateure, Gebäudereiniger sowie auch viele private Kunden, die ihre kleineren Anlagen und Wintergärten reinigen möchten. In Adepto haben Sie einen kompetenten, zuverlässigen, serviceorientieren Partner gefunden. Bei Adepto können Sie online rund um die Uhr und offline im Abholmarkt in Olching bei München, Gewerbering 10A, bestellen oder kaufen und sich beraten lassen. Unsere Öffnungszeiten sind von Mo-Fr von 09:00 – 12:00 Uhr und 14:00- 16:00 oder nach Vereinbarung. Wir beraten Sie gerne. Entweder offline in unserm Lagerverkauf, online oder natürlich telefonisch. Nehmen Sie Kontakt zu uns auf. Startkategorien Systeme nach Länge Zurück Nach oben Schnellkauf ArtikelNr. / EAN Kategorien Abfallentsorgung Haut & Händehygiene Hygienepapiere Maschinen & Pads Persönliche Schutzausrüstung Reinigung & Pflege Chemie Reinigungsgeräte Reinigungsmaschinen Reinigungszubehör Waschraumausstattung Glasreinigung Zahlarten Jetzt Newsletter abonnieren! Abmeldung jederzeit möglich Mein Konto Bestellhistorie Wunschzettel Werben Sie einen Freund Informationen Widerrufsbelehrung Datenschutz AGB Livesuche Tags Zahlung & Versand Sitemap Impressum Zahlungsarten Lieferung "
5,airplus.com," AirPlus International – Ihr Partner für Reisekostenmanagement Für eine bestmögliche Nutzung verwendet unsere Website Cookies. Wenn Sie fortfahren, gehen wir davon aus, dass Sie der Verwendung von Cookies durch unsere Website zustimmen. Weitere Informationen finden Sie in unserem Datenschutzhinweis.WeiterDatenschutzhinweis board icn-card check download facebook globe linkedin links links1 login mail paper pfeil pfeil_dropdown icn-phone print rechts rechts1 schluessel suche telefon twitter x xing youtube Information Outlook / Mail Google+ Menu Wer wir sind Back Wer wir sind Warum AirPlus? Back Warum AirPlus? Unsere Kompetenz Referenzen und Kundenstimmen Auszeichnungen Veröffentlichungen Karriere bei AirPlus Datensicherheit Schulungen und Veranstaltungen Basic Training AirPlus Information Manager Professional Training AirPlus Information Manager Kontakt Ich möchte … Back Ich möchte … Mehr Informationen zu: Back Mehr Informationen zu: AirPlus-Bezahllösungen akzeptieren AirPlus Purchasing Card Hotel Sonstige Dienstleister/Lieferanten Reisekosten zentral bezahlen Reisekosten auswerten und analysieren Geschäftsreiseprozesse vereinfachen Veranstaltungskosten zentral bezahlen Im Beschaffungsmanagement zentral bezahlen Geschäftsreisende mit Kreditkarten ausstatten Meine AirPlus Corporate Card managen Ich bin ... Back Ich bin ... Position/Rolle Back Position/Rolle Travel Manager/-in Finanzabteilung Einkäufer/-in Assistent/-in Event Manager/-in Buchhaltung Personalabteilung Geschäftsreisende/-r Unternehmensgröße Back Unternehmensgröße Klein- und mittelständisches Unternehmen Großunternehmen Internationales Unternehmen Reisebranche Back Reisebranche Geschäftsreisebüro Reiseveranstalter Dienstleister/Lieferant Back Dienstleister/Lieferant Dienstleister/Lieferant AirPlus-Produkte Back AirPlus-Produkte Geschäftsreisemanagement Back Geschäftsreisemanagement AirPlus Company Account AirPlus Company Account compact AirPlus A.I.D.A. Virtual Cards AirPlus A.I.D.A Hotel-Datenanreicherung AirPlus Debit Account AirPlus Speed of Pay AirPlus Corporate Cards AirPlus Travel Agency Account AirPlus Information Manager AirPlus Green Reports AirPlus Reports on Demand AirPlus-Datenintegration Veranstaltungsmanagement Back Veranstaltungsmanagement AirPlus Meeting Card AirPlus Meeting Card Mastercard AirPlus A.I.D.A. Virtual Cards Beschaffungsmanagement Back Beschaffungsmanagement AirPlus Purchasing Card AirPlus A.I.D.A. Virtual Cards AirPlus und Compraga Mautmanagement Back Mautmanagement Road Account Unsere Partner Back Unsere Partner Gemeinsam erfolgreich Back Gemeinsam erfolgreich Partnerschaften Suche Login Deutschland| DE Unternehmensseite Rufen Sie uns anBei Fragen und für weitere Informationen wenden Sie sich bitte an unsere AirPlus-Serviceteams.Service-Nummer für Karteninhaber: 08 51.21 36-92 50 Service-Nummer für Unternehmen: 0 61 02.2 04-4 44 AirPlus-KartenserviceHaben Sie Ihre AirPlus-Karte verloren? Lassen Sie die Karte bitte unverzüglich sperren, um Missbrauch zu vermeiden. Telefonisch unter 08 51.21 36-92 50 oder der zentralen Sperrnotrufnummer 116 116 Haben Sie Fragen zu Ihren AirPlus-Karten oder -Abrechnungen?Rufen Sie uns an unter 08 51.21 36-92 50 Schreiben Sie unsFür Unternehmen: Ihr AirPlus-Serviceteam erreichen Sie über unser Kontaktformular oder direkt per E-Mail unter btm@airplus.com . Unsere Postanschrift lautet:Lufthansa AirPlus Servicekarten GmbH, 63258 Neu-IsenburgAnfahrtsplanFür Karteninhaber: Den AirPlus Card Service erreichen Sie per E-Mail unter card@airplus.com . Die Postanschrift lautet: AirPlus Corporate Card Service, Postfach 1309, 94003 Passau To top Rufen Sie uns anBei Fragen und für weitere Informationen wenden Sie sich bitte an unsere AirPlus-Serviceteams.Service-Nummer für Karteninhaber: 08 51.21 36-92 50 Service-Nummer für Unternehmen: 0 61 02.2 04-4 44 AirPlus-KartenserviceHaben Sie Ihre AirPlus-Karte verloren? Lassen Sie die Karte bitte unverzüglich sperren, um Missbrauch zu vermeiden. Telefonisch unter 08 51.21 36-92 50 oder der zentralen Sperrnotrufnummer 116 116 Haben Sie Fragen zu Ihren AirPlus-Karten oder -Abrechnungen?Rufen Sie uns an unter 08 51.21 36-92 50 Schreiben Sie unsFür Unternehmen: Ihr AirPlus-Serviceteam erreichen Sie über unser Kontaktformular oder direkt per E-Mail unter btm@airplus.com . Unsere Postanschrift lautet:Lufthansa AirPlus Servicekarten GmbH, 63258 Neu-IsenburgAnfahrtsplanFür Karteninhaber: Den AirPlus Card Service erreichen Sie per E-Mail unter card@airplus.com . Die Postanschrift lautet: AirPlus Corporate Card Service, Postfach 1309, 94003 Passau To top Rufen Sie uns anBei Fragen und für weitere Informationen wenden Sie sich bitte an unsere AirPlus-Serviceteams.Service-Nummer für Karteninhaber: 08 51.21 36-92 50 Service-Nummer für Unternehmen: 0 61 02.2 04-4 44 AirPlus-KartenserviceHaben Sie Ihre AirPlus-Karte verloren? Lassen Sie die Karte bitte unverzüglich sperren, um Missbrauch zu vermeiden. Telefonisch unter 08 51.21 36-92 50 oder der zentralen Sperrnotrufnummer 116 116 Haben Sie Fragen zu Ihren AirPlus-Karten oder -Abrechnungen?Rufen Sie uns an unter 08 51.21 36-92 50 Schreiben Sie unsFür Unternehmen: Ihr AirPlus-Serviceteam erreichen Sie über unser Kontaktformular oder direkt per E-Mail unter btm@airplus.com . Unsere Postanschrift lautet:Lufthansa AirPlus Servicekarten GmbH, 63258 Neu-IsenburgAnfahrtsplanFür Karteninhaber: Den AirPlus Card Service erreichen Sie per E-Mail unter card@airplus.com . Die Postanschrift lautet: AirPlus Corporate Card Service, Postfach 1309, 94003 Passau iFrame Error Your Travel Payment company. Your Travel Payment company. Unternehmensseite Deutschland | DE Login Wer wir sind Warum AirPlus? Unsere Kompetenz Referenzen und Kundenstimmen Auszeichnungen Veröffentlichungen Karriere bei AirPlus Datensicherheit Schulungen und Veranstaltungen Kontakt Ich möchte … Mehr Informationen zu: AirPlus-Bezahllösungen akzeptieren Reisekosten zentral bezahlen Reisekosten auswerten und analysieren Geschäftsreiseprozesse vereinfachen Veranstaltungskosten zentral bezahlen Im Beschaffungsmanagement zentral bezahlen Geschäftsreisende mit Kreditkarten ausstatten Meine AirPlus Corporate Card managen Ich bin ... Position/Rolle Travel Manager/-in Finanzabteilung Einkäufer/-in Assistent/-in Event Manager/-in Buchhaltung Personalabteilung Geschäftsreisende/-r Unternehmensgröße Klein- und mittelständisches Unternehmen Großunternehmen Internationales Unternehmen Reisebranche Geschäftsreisebüro Reiseveranstalter Dienstleister/Lieferant Dienstleister/Lieferant AirPlus-Produkte Geschäftsreisemanagement AirPlus Company Account AirPlus Company Account compact AirPlus A.I.D.A. Virtual Cards AirPlus Debit Account AirPlus Corporate Cards AirPlus Travel Agency Account AirPlus Information Manager AirPlus Green Reports AirPlus Reports on Demand AirPlus-Datenintegration Veranstaltungsmanagement AirPlus Meeting Card AirPlus Meeting Card Mastercard AirPlus A.I.D.A. Virtual Cards Beschaffungsmanagement AirPlus Purchasing Card AirPlus A.I.D.A. Virtual Cards AirPlus und Compraga Mautmanagement Road Account Unsere Partner Gemeinsam erfolgreich Partnerschaften Previous Warum AirPlus? Erfahren Sie mehr über unsere Leistungen AirPlus-Studien und Whitepaper Die neuesten Zahlen und Trends im Geschäftsreisemanagement Kundenstimmen und Referenzen Erfahren Sie, was andere über uns sagen Next123 Previous Warum AirPlus? Erfahren Sie mehr über unsere Leistungen AirPlus-Studien und Whitepaper Die neuesten Zahlen und Trends im Geschäftsreisemanagement Kundenstimmen und Referenzen Erfahren Sie, was andere über uns sagen Next123 Wie können wir Ihnen weiterhelfen?Ich möchte … Reisekosten zentral bezahlen Reisekosten auswerten Geschäftsreiseprozesse vereinfachen Veranstaltungskosten zentral bezahlen Im Beschaffungsmanagement zentral bezahlen Mitarbeiter mit AirPlus-Kreditkarten ausstatten Meine AirPlus Corporate Card/AirPlus Travel Expense Card managen AirPlus-Bezahllösungen akzeptieren Bitte wählen Sie... AirPlus – Ihr Partner im Reisekostenmanagement Warum AirPlus? Wir helfen Kunden aus allen Branchen, beim Reisekostenmanagement Zeit und Geld zu sparen – seit mehr als 25 Jahren. Erfahren Sie mehr Unsere Produkte Ganz gleich, ob im Reisekosten- oder Beschaffungsmanagement: AirPlus-Lösungen erleichtern das Bezahlen und Abrechnen. Erfahren Sie mehr Karriere bei AirPlus Unser Erfolg beruht auf unseren Mitarbeitern, ihren Fähigkeiten und ihren Ideen. Werden Sie Teil eines großartigen Teams. Erfahren Sie mehr Reisekostenmanagement mit AirPlus: Passend für jeden Bedarf Ob Assistent, Einkäufer oder Travel Manager: AirPlus bietet Lösungen für jeden Aufgabenbereich Jetzt Lösung finden Vom Kleinbetrieb bis zum globalen Unternehmen: AirPlus für jede Unternehmensgröße Jetzt Lösung finden AirPlus für Reisebüros: Nutzen Sie unsere Lösungen – für sich und Ihre Kunden Jetzt Vorteile sichern AirPlus für Händler und Dienstleister: Akzeptieren Sie den AirPlus Company Account Jetzt Vorteile sichern Das sind wir:AirPlus International 0 Jahre im Einsatz für unsere Kunden 0 Mio. abgewickelte Transaktionen weltweit 2016 0 Länder mit länderspezifischen AirPlus-Lösungen 0 Mitarbeiter weltweit im Einsatz 0 gegründet 0 Kunden weltweit Das sind wir:AirPlus International 28 Jahre im Einsatz für unsere Kunden 167 Mio. abgewickelte Transaktionen weltweit 2016 60+ Länder mit länderspezifischen AirPlus-Lösungen 1333 Mitarbeiter weltweit im Einsatz 1989 gegründet 49000 Kunden weltweit To top Über AirPlus Startseite Unsere Kompetenz AirPlus-Produkte Karriere bei AirPlus Downloads Broschüren und Faktenblätter Rechtliche Informationen Impressum Rechtliche Hinweise Datenschutz Service-Nummer für Karteninhaber: +49(0) 85 1 2136 9250 +49(0) 85 1 2136 9250 Service-Nummer für Unternehmen: +49(0) 61 02 204 444 +49(0) 61 02 204 444 Kontakt per E-Mail AirPlus. Your Travel Payment company. Copyright 2017. Alle Rechte vorbehalten. Sitemap Bildrechte Suche Bildrechte Autor Beschreibung Quelle Quelle: AirPlusAutor: AirPlus Quelle: AirPlusAutor: AirPlus Quelle: AirPlusAutor: AirPlus Quelle: AirPlusAutor: AirPlus Quelle: AirPlusAutor: AirPlus Quelle: AirPlusAutor: AirPlus Quelle: AirPlusAutor: AirPlus Quelle: fotoliaAutor: flatbox Quelle: fotoliaAutor: contrastwerkstatt Quelle: AirPlusAutor: AirPlus Bitte wählen Sie ein Land Ägypten Argentinien Australien Belgien Brasilien Bulgarien Chile China Costa Rica Dänemark Deutschland Dominikanische Republik El Salvador Estland Finnland Frankreich Großbritannien Guatemala Hong Kong Indonesien Irland Israel Italien Japan Kanada Kroatien Kuwait Lettland Litauen Luxemburg Malaysia Malta Mexiko Monaco Nicaragua Niederlande Norwegen Österreich Panama Peru Philippinen Polen Portugal Puerto Rico Rumänien Russland Schweden Schweiz Singapur Slowakei Slowenien Spanien Südafrika Südkorea Thailand Tschechische Republik Tunesien Türkei Ukraine Ungarn Unternehmensseite Vereinigte Arabische Emirate Vereinigte Staaten von Amerika Deutschland Bitte wählen Sie eine Sprache Deutsch EnglischDeutsch Wechseln "
6,alfahosting.org," Die Domain ""zitrom.alfahosting.org"" ist nicht verfügbar. "
7,alkomat.net," Startseite - Alkomat.net - Alkoholtester und Alkomaten von ACE, Dräger und Envitec sowie Drogentester Onlineshop de en Kategorien EmpfehlungenAlkoholtester Vergleich Service / WartungACE Webshops KategorienAlkotester Genauigkeit Alkotester Marke Alkotester Typen Alkotester Anwendung Gebraucht- und RetourenwareZubehör Drogentest Alkotester GenauigkeitGenauigkeitsklasse 1++Genauigkeitsklasse 1+Genauigkeitsklasse 1Genauigkeitsklasse 2Genauigkeitsklasse 3Genauigkeitsklasse 4Alkotester MarkeACEDrägerEnviteCAlkotester TypenMobile AlkoholtesterMobile Alkoholtester mit DruckerEinwegalkoholtesterAlkoholtester für GastronomieAlkoholtester für KFZ-EinbauStationäre AlkoholtesterAlkotester AnwendungAlkoholtester für PrivatpersonenAlkoholtester für SmartphonesAlkoholtester als WerbeträgerAlkoholtester für Betriebe/VereineAlkoholtester für Sozial- und HilfsdiensteAlkoholtester für Ärzte/SpitälerAlkoholtester für KFZAlkoholtester für GastronomenAlkoholtester als ZutrittskontrolleAlkoholtester für Staat/BehördenZubehörMundstückeWechselsensorenSonstiges ZubehörDrogentestDrogentesterZubehörAlkoholtester VergleichAlkoholtester Vergleich elektrochemischAlkoholtester Vergleich Halbleitertechnik Versandkostenfrei ab 50€ +49 8654 / 779 53 31 info@alkomat.net × LIVESEARCH_LOADING Produktvorschläge Keine Ergebnisse Alle Ergebnisse anzeigen Hersteller Kategorien Vorschläge Informationen LIVESEARCH_REDIRECT Benutzername Passwort Eingeloggt bleiben Registrieren » Passwort vergessen » Überprüfungs-E-Mail zusenden 0 Ihr Warenkorb ist noch leer. Zur Kasse Kategorien Alkotester Genauigkeit Genauigkeitsklasse 1++Genauigkeitsklasse 1+Genauigkeitsklasse 1Genauigkeitsklasse 2Genauigkeitsklasse 3Genauigkeitsklasse 4 Alkotester Marke ACEDrägerEnviteC Alkotester Typen Mobile AlkoholtesterMobile Alkoholtester mit DruckerEinwegalkoholtesterAlkoholtester für GastronomieAlkoholtester für KFZ-EinbauStationäre Alkoholtester Alkotester Anwendung Alkoholtester für PrivatpersonenAlkoholtester für SmartphonesAlkoholtester als WerbeträgerAlkoholtester für Betriebe/VereineAlkoholtester für Sozial- und HilfsdiensteAlkoholtester für Ärzte/SpitälerAlkoholtester für KFZAlkoholtester für GastronomenAlkoholtester als ZutrittskontrolleAlkoholtester für Staat/Behörden Gebraucht- und RetourenwareZubehör MundstückeWechselsensorenSonstiges Zubehör Drogentest DrogentesterZubehör EmpfehlungenAlkoholtester Vergleich Alkoholtester Vergleich elektrochemischAlkoholtester Vergleich Halbleitertechnik Service / WartungACE Webshops de en Made in Germany! Alkoholtester Dräger 3820 Alkoholtester ACE III Basic Unsere Empfehlungen alle anzeigen 10% gespart Alkoholtester EnviteC AlcoQuant 6020 plus + 25 Mundstücke und Kalibriergutschein Bewertungen Lieferzeit: Versandkostenfrei für Materialnummer 1001779 Set UVP¹ 649,95 € 579,95 € / Set Bestellen Preise inkl. MwSt. ggf. zzgl. Versandkosten 28% gespart Alkoholtester ACE AFM-5 für Smartphones + 20 Mundstücke und Kalibriergutschein Versandkostenfrei für Materialnummer ACE AFM-5 UVP¹ 139,95 € 99,95 € / Set Bestellen Preise inkl. MwSt. ggf. zzgl. Versandkosten 20% gespart Alkoholtester ACE III (Basic oder Premium), TU-Wien-Messgenauigkeit: 95,6%* + 25 Mundstücke Versandkostenfrei für UVP¹ 199,95 € ab 159,95 € / Set ZUM ARTIKEL Preise inkl. MwSt. ggf. zzgl. Versandkosten 7% gespart Dräger Atemalkoholgesteuerte Wegfahrsperre Dräger Interlock 5000 + Montagezubehör Lieferzeit: Versandkostenfrei für Materialnummer 8322550 UVP¹ 1.999,95 € 1.844,74 € / Stück Bestellen Preise inkl. MwSt. ggf. zzgl. Versandkosten 31% gespart Alkoholtester ACE II Basic plus, TU-Wien-Messg. 99,0%* + 25 Mundst. & Kalibriergutschein AKTION Bewertungen Lieferzeit: Versandkostenfrei für Materialnummer ACE II plus Set UVP¹ 189,95 € 129,95 € / Set Bestellen Preise inkl. MwSt. ggf. zzgl. Versandkosten 21% gespart Dräger Alkoholtester Dräger Alcotest 3000 + 25 Mundstücke Und Kalibriergutschein Bewertungen Lieferzeit: Versandkostenfrei für Materialnummer 8320470 Set UVP¹ 440,00 € 345,95 € / Set Bestellen Preise inkl. MwSt. ggf. zzgl. Versandkosten 3% gespart Alkoholtester Dräger Alcotest 3820 + Kalibriergutschein Bewertungen Lieferzeit: Versandkostenfrei für Materialnummer 8324927 Set UVP¹ 299,95 € 289,95 € / Set Bestellen Preise inkl. MwSt. ggf. zzgl. Versandkosten 10% gespart Alkoholtester EnviteC AlcoQuant 6020 plus + 25 Mundstücke und Kalibriergutschein Bewertungen Lieferzeit: Versandkostenfrei für Materialnummer 1001779 Set UVP¹ 649,95 € 579,95 € / Set Bestellen Preise inkl. MwSt. ggf. zzgl. Versandkosten 28% gespart Alkoholtester ACE AFM-5 für Smartphones + 20 Mundstücke und Kalibriergutschein Versandkostenfrei für Materialnummer ACE AFM-5 UVP¹ 139,95 € 99,95 € / Set Bestellen Preise inkl. MwSt. ggf. zzgl. Versandkosten 20% gespart Alkoholtester ACE III (Basic oder Premium), TU-Wien-Messgenauigkeit: 95,6%* + 25 Mundstücke Versandkostenfrei für UVP¹ 199,95 € ab 159,95 € / Set ZUM ARTIKEL Preise inkl. MwSt. ggf. zzgl. Versandkosten 7% gespart Dräger Atemalkoholgesteuerte Wegfahrsperre Dräger Interlock 5000 + Montagezubehör Lieferzeit: Versandkostenfrei für Materialnummer 8322550 UVP¹ 1.999,95 € 1.844,74 € / Stück Bestellen Preise inkl. MwSt. ggf. zzgl. Versandkosten 31% gespart Alkoholtester ACE II Basic plus, TU-Wien-Messg. 99,0%* + 25 Mundst. & Kalibriergutschein AKTION Bewertungen Lieferzeit: Versandkostenfrei für Materialnummer ACE II plus Set UVP¹ 189,95 € 129,95 € / Set Bestellen Preise inkl. MwSt. ggf. zzgl. Versandkosten 21% gespart Dräger Alkoholtester Dräger Alcotest 3000 + 25 Mundstücke Und Kalibriergutschein Bewertungen Lieferzeit: Versandkostenfrei für Materialnummer 8320470 Set UVP¹ 440,00 € 345,95 € / Set Bestellen Preise inkl. MwSt. ggf. zzgl. Versandkosten 3% gespart Alkoholtester Dräger Alcotest 3820 + Kalibriergutschein Bewertungen Lieferzeit: Versandkostenfrei für Materialnummer 8324927 Set UVP¹ 299,95 € 289,95 € / Set Bestellen Preise inkl. MwSt. ggf. zzgl. Versandkosten 10% gespart Alkoholtester EnviteC AlcoQuant 6020 plus + 25 Mundstücke und Kalibriergutschein Bewertungen Lieferzeit: Versandkostenfrei für Materialnummer 1001779 Set UVP¹ 649,95 € 579,95 € / Set Bestellen Preise inkl. MwSt. ggf. zzgl. Versandkosten Mundstücke alle anzeigen 20 Original ACE® Mundstücke für Alkotester ACE AFM-5 Lieferzeit: Materialnummer 100077 9,00 € / Pkg Bestellen Preise inkl. MwSt. ggf. zzgl. Versandkosten 25 Stk. Original Dräger 7410-Mundstück (D-Typ), für Dräger 7410 u. EnviteC AlcoQuant 6020 Lieferzeit: 7,75 € / Pkg. Bestellen Preise inkl. MwSt. ggf. zzgl. Versandkosten 25 Stk. Original ACE® Mundstücke für ACE ALP-1 / ACE Pro Lieferzeit: Materialnummer 100036 8,75 € / Pkg. Bestellen Preise inkl. MwSt. ggf. zzgl. Versandkosten 25 Stk. Original ACE® Mundst. f. ACE one, ACE I, ACE II Basic plus, ACE III, ACE Neo, AL5500, AL6000 Lieferzeit: ab 7,75 € / Pkg. ZUM ARTIKEL Preise inkl. MwSt. ggf. zzgl. Versandkosten 17% gespart 25 Stk. Dräger Slide 'n' Click Mundstücke f. Alcotest 3000, 5510, 6510, 6810, 6820, 5820 u. 7510 Bewertungen Lieferzeit: Materialnummer 6810830 UVP¹ 8,75 € 7,25 € / Pkg. Bestellen Preise inkl. MwSt. ggf. zzgl. Versandkosten 25 Stk. Original Blaue ACE Mundstücke f. ACE one, ACE II Basic plus, ACE III, Neo, ACE AL5500 plus Bewertungen Lieferzeit: Materialnummer 100085 9,00 € / Packung Bestellen Preise inkl. MwSt. ggf. zzgl. Versandkosten 25 Stk. Original EnviteC S-Typ Mundstück für diverse AlcoQuant-Alkoholtester Lieferzeit: 7,00 € / Pkg. Bestellen Preise inkl. MwSt. ggf. zzgl. Versandkosten 25 Stk. Original ACE® Mundstücke f. ACE Wave, ACE Neo, ACE AF-33, ACE DA-5000, DA-7100, DA-8100 Bewertungen Lieferzeit: Materialnummer 100074 9,00 € / Pkg Bestellen Preise inkl. MwSt. ggf. zzgl. Versandkosten 5 Stk. Originale Dräger Mundstücke für Dräger Alcotest 3820 Lieferzeit: Materialnummer 8325250 9,90 € / Pkg. Bestellen Preise inkl. MwSt. ggf. zzgl. Versandkosten 20 Original ACE® Mundstücke für Alkotester ACE AFM-5 Lieferzeit: Materialnummer 100077 9,00 € / Pkg Bestellen Preise inkl. MwSt. ggf. zzgl. Versandkosten 25 Stk. Original Dräger 7410-Mundstück (D-Typ), für Dräger 7410 u. EnviteC AlcoQuant 6020 Lieferzeit: 7,75 € / Pkg. Bestellen Preise inkl. MwSt. ggf. zzgl. Versandkosten 25 Stk. Original ACE® Mundstücke für ACE ALP-1 / ACE Pro Lieferzeit: Materialnummer 100036 8,75 € / Pkg. Bestellen Preise inkl. MwSt. ggf. zzgl. Versandkosten 25 Stk. Original ACE® Mundst. f. ACE one, ACE I, ACE II Basic plus, ACE III, ACE Neo, AL5500, AL6000 Lieferzeit: ab 7,75 € / Pkg. ZUM ARTIKEL Preise inkl. MwSt. ggf. zzgl. Versandkosten 17% gespart 25 Stk. Dräger Slide 'n' Click Mundstücke f. Alcotest 3000, 5510, 6510, 6810, 6820, 5820 u. 7510 Bewertungen Lieferzeit: Materialnummer 6810830 UVP¹ 8,75 € 7,25 € / Pkg. Bestellen Preise inkl. MwSt. ggf. zzgl. Versandkosten 25 Stk. Original Blaue ACE Mundstücke f. ACE one, ACE II Basic plus, ACE III, Neo, ACE AL5500 plus Bewertungen Lieferzeit: Materialnummer 100085 9,00 € / Packung Bestellen Preise inkl. MwSt. ggf. zzgl. Versandkosten 25 Stk. Original EnviteC S-Typ Mundstück für diverse AlcoQuant-Alkoholtester Lieferzeit: 7,00 € / Pkg. Bestellen Preise inkl. MwSt. ggf. zzgl. Versandkosten 25 Stk. Original ACE® Mundstücke f. ACE Wave, ACE Neo, ACE AF-33, ACE DA-5000, DA-7100, DA-8100 Bewertungen Lieferzeit: Materialnummer 100074 9,00 € / Pkg Bestellen Preise inkl. MwSt. ggf. zzgl. Versandkosten Vorteile Extensive consulting service Short delivery times No / low priced shipping costs Official distributor of Dräger More than 400.000 satisfied customers Broad product assortment Always secure payment Full transparency of all conditions Possibilty for shipping abroad Trustworthy onlineshop Unsere Blogs Stillende Mütter und Alkohol in der Stillzeit: Ein Erfahrungsbericht Ich bin Vater von drei Kindern. Zuletzt sind die Zwillinge auf die Welt gekommen. Meine Frau hat bei unserem ersten Kind 14 Monate lang gestillt. Warum schreibe ich diesen Erfahrungsbericht zum Thema Stillen und Alkohol trinken? Weiter lesen Aufgepasst im Urlaub: Promillegrenzen in Europa Wenn es um Alkohol geht, ist Europa laut WHO der Kontinent mit dem höchsten Pro-Kopf-Konsum. Ob beim Oktoberfest in Bayern oder in französischen Kellereien: Getrunken wird in allen EU-Ländern gerne, doch unterscheiden sich die Regelungen, wer danach noch in sein Auto steigen darf. Weiter lesen Alkoholtester richtig verwenden (und: Populäre Alkoholmythen) Obwohl wir beim Design unserer Alkoholtester hohen Wert auf eine möglichst reduzierte und intuitive Bedienung legen, können Fehler und damit ungenaue Messergebnisse vorkommen, wenn die Anleitung nicht genau befolgt wird. Weiter lesen Über uns FirmengeschichteAnsprechpartnerKontakt Rechtliches ImpressumAGBDatenschutzKaufabwicklungVersandinformationenLieferzeitZahlungsweisen Gut zu wissen ServiceeKomiACE Bonus KampagneStudie der TU WienACE KlassifizierungAlkohol-Fakten Andere ACE Webshops ArbeitsschutzprodukteAlkohol- & DrogenmesstechnikGaswarngeräteDräger ProdukteMSA Produkteuvex Produkte Immer UpToDate Trends verfolgen und von Angeboten profitieren! × Warenkorb ×Schließen Merkzettel Der Artikel wurde verschoben. Der Artikel wurde zum Merkzettel hinzugefügt. Schließen Zum Merkzettel Javascript ist deaktiviert. Bitte aktivieren Sie Javascript in Ihrem Browser, da wir sonst nicht die volle Funktionalität des Shops gewährleisten können. EinverstandenAus Sicherheitsgründen ist das Einkaufen ohne aktivierte Cookies leider nicht möglich.Sie können die Erfassung durch Google Analytics verhindern, indem Sie auf folgenden Link klicken. Es wird ein Opt-Out-Cookie gesetzt, das die zukünftige Erfassung Ihrer Daten beim Besuch dieser Website verhindert: Google Analytics deaktivieren"
8,allgaeu-travel.com,"489 Ferienwohnungen & Ferienhäuser im AllgäuBitte aktivieren Sie JavaScript in Ihrem Browser, damit unsere Seite bei Ihnen in vollem Umfang mit allen Funktionen dargestellt werden kann.Laden Sie die Seite nach der Aktivierung bitte neu.XWir verwenden Cookies für die Bereitstellung unserer Dienste. Durch die Nutzung unserer Webseite stimmen Sie deren Verwendung zu. Details ansehenWir verwenden Cookies. Wenn Sie weitersurfen stimmen Sie der Nutzung zu. Details ansehenFerienwohnung vermietenVermieter-Login0Toggle navigationErweiterte Suche489Last-Minute0Rund um Ihren UrlaubAllgäu entdeckenAktivitätenBilderSehenswürdigkeitenUrlaubsregionenAllgäu buchenFerienwohnungenReiseversicherung0FeedbackErweiterte Suche489Last-Minute0Merkzettel Allgäu entdeckenAktivitätenBilderSehenswürdigkeitenUrlaubsregionenAllgäu buchenFerienwohnungenReiseversicherungVermieter-LoginFerienwohnung vermietenFeedbackFerienwohnungen und Ferienhäuserim Allgäu Allgäu (489) Unterallgäu Bad Wörishofen Legau Westallgäu Argenbühl Bad Wurzach Grünenbach Isny Kißlegg Leutkirch Lindau Maierhöfen Nonnenhorn Oberreute Opfenbach Scheidegg Sigmarszell Stiefenhofen Wangen im Allgäu Wasserburg Oberallgäu Altstädten Altusried Bad Hindelang Balderschwang Betzigau Blaichach Bolsterlang Buchenberg Burgberg Durach Fischen im Allgäu Haldenwang Immenstadt Jungholz Kempten Kierwang Missen-Wilhams Oberjoch Obermaiselstein Oberstaufen Oberstdorf Ofterschwang Oy-Mittelberg Rettenberg Sonthofen Steibis Sulzberg Weitnau Wiggensbach Ostallgäu Ebenhofen Eggenthal Eisenberg Füssen Halblech Hopferau Lechbruck am See Nesselwang Oberthingau Pfronten Rieden am Forggensee Roßhaupten Rückholz SchwangauAnreiseAbreise1 Person2 Personen3 Personen4 Personen5 Personen6 Personen7 Personen8 Personen9 Personen10 Personen11 Personen12 und mehr PersonenTop-InserateTOPRettenberg4 - Sterne FeWoab40 €TOPOberstaufenSehnsucht Allgäuab77 €TOPSonthofenFerienwohnung Roscher im Allg�ab45 €TOPImmenstadtHaus Panoramaab38 €Geprüft und zertifiziert vomDeutschen Ferienhausverband e.VÜber 15 Jahre Erfahrungin der FerienhausvermittlungÜber 75.000 FerienwohnungeneuropaweitGästebewertung4,7 von 5,0954 Bewertungen wurden von Urlaubern für 195 Ferienunterkünfte auf Allgaeu-Travel abgegebenUnterkünfte mit BewertungenAktuelle Bewertung4,5 von 5,0Haus Waldeck - Sonnenschein»Wir haben eine sehr schöne Woche bei schönsten Wetter bei Familie Kienle in Balderschwang verbracht. Trotz des in dieser Woche...«Zur UnterkunftMap DataMap data ©2017 GeoBasis-DE/BKG (©2009), GoogleMap DataMap data ©2017 GeoBasis-DE/BKG (©2009), GoogleMap data ©2017 GeoBasis-DE/BKG (©2009), GoogleTerms of UseMapTerrainSatelliteLabels Ferienwohnung Allgäu & Ferienhaus Allgäu - Urlaub in Deutschlands südlichster Ferienregion Atemberaubende Naturlandschaften, historische Städte, gewaltige Skigebiete, ausgedehnte Wander- und Radwege sowie zahlreiche weitere Attraktionen machen das Allgäu zu einer der schönsten und beliebtesten Urlaubsregionen in Deutschland. Hier können Urlauber weltberühmte Schlösser, sagenumwobene Burgen und andere märchenhafte Bauwerke entdecken während sie sich gleichzeitig in einzigartig idyllischer Natur vor einem atemberaubenden Alpenpanorama wiederfinden. Von Wintersport über Wandern bis hin zu Wassersport bietet sich das Allgäu außerdem ideal für die verschiedensten sportlichen Aktivitäten an und ist gleichzeitig der perfekte Ort zur Entspannung für Ruhesuchende. Unsere Ferienhäuser und Ferienwohnungen im Allgäu sind daher sowohl die perfekte Basis für Sporturlaub, Sightseeing als auch für eine erholsame Auszeit vom Alltag. Die perfekte Ferienwohnung im Allgäu mieten Damit Ihr Urlaub im Allgäu unvergesslich wird, finden Sie bei uns neben hilfreichen Informationen für die Urlaubsgestaltung auch garantiert für jeden Geschmack die passende Ferienunterkunft. Egal ob Ihre Ferienwohnung im Allgäu kinderfreundlich sein soll oder Sie doch lieber mit einer Luxus Ferienwohnung das Allgäu und die Umgebung erkunden möchten, hier wird garantiert jeder fündig. Alle unsere Ferienunterkünfte sind detailliert beschrieben und auf aussagekräftigen Fotos abgebildet, damit Sie sich ein vollständiges Bild machen und sich die passende Wohnung aussuchen können. Ist die perfekte Allgäu Ferienwohnung beziehungsweise das perfekte Allgäu Ferienhaus gefunden, können Sie unverbindlich Kontakt zum privaten Vermieter aufnehmen oder direkt Ihr Ferienhaus oder Ihre Ferienwohnung online buchen.Sie möchten einen spontanen Kurzurlaub im Süden machen? Dann empfehlen wir Ihnen einen Blick in unsere günstigen und aktuellen Allgäu Last-Minute Angebote. Bei uns können Sie das perfekte Ferienhaus oder natürlich auch die perfekte Ferienwohnung im Allgäu mieten und dabei auch noch richtig sparen! Schauen Sie am besten direkt in unsere täglich aktuellen Angebote für Ferienwohnungen und Ferienhäuser im Allgäu und sparen Sie bis zu 60% auf den Normalpreis! Die beliebtesten Orte und Regionen im Allgäu Das Allgäu ist eine Landschaft, die sich im Süden von Bayern über den Bezirk Schwaben sowie einen Teil des Bundeslandes Baden-Württembergs erstreckt. Die Region wird in insgesamt vier Landkreise geteilt. Das Oberallgäu grenzt an Österreich und ist damit der südlichste Landkreis in Deutschland. Mit einer Ferienwohnung im Oberallgäu bekommen Urlauber eine einmalige Aussicht auf die Allgäuer Alpen und das Alpenvorland und gleichzeitig den Glamour der Wintersportregion geboten. Bestes Beispiel dafür ist der weltberühmte Ort Oberstdorf. Hier befindet sich beispielsweise die Skiflugschanze, auf der regelmäßig Wettkämpfe stattfinden und die jährlich Austragungsort der Vierschanzentournee ist. Wer also das Auftaktspringen der Tournee nicht verpassen möchte, sollte seine Ferienwohnung in Oberstdorf rechtzeitig buchen.Das Ostallgäu wird auch als „Land der Seen“ bezeichnet, denn es beheimatet insgesamt 46 Seen und Weiher, wie beispielsweise den Forggensee. Eine Ferienwohnung im Ostallgäu bietet Entspannung inmitten idyllischer Natur. Die Region hat allerdings noch viel mehr zu bieten. In Füssen zum Beispiel haben Urlauber das Schloss Neuschwanstein, eine der bekanntesten deutschen Sehenswürdigkeiten weltweit, direkt vor der Haustür. Außerdem beherbergt das Ostallgäu mit dem Tegelberg ein weiteres bedeutendes Wahrzeichen der Region. Den 2047 Meter hohen Berg kann man sowohl mit der Tegelbergbahn als auch zu Fuß erklimmen und dabei die traumhafte Bergwelt bestaunen. Das Unterallgäu wird auch als „Kneippland“ bezeichnet, denn es war die Heimat des Begründers und Namensgebers der weltberühmten Wasserkuren Sebastian Kneipp. Mit einer Unterallgäu Ferienwohnung können Urlauber daher auch zahlreiche Heilbäder sowie anerkannte Erholungs- und Luftkurorte entdecken. Aber nicht nur die Voraussetzungen für einen gesundheitsbewussten und entspannten Wellnessurlaub sind hier gegeben, auch an sportlichen Aktivitäten wird einem hier einiges geboten. So können Urlauber zum Beispiel von ihren Ferienwohnungen in Bad Wörishofen aus Wanderungen, Ausritte oder Radtouren in die traumhafte Natur unternehmen oder aber auch bei einer Partie Golf die herrliche Aussicht auf das Alpenpanorama genießen. Das Westallgäu lockt vor allem mit seiner landschaftlichen Schönheit. Wer mit einer Ferienwohnung im Westallgäu die Gegend erkundet, finden hier ein kilometerweites Wanderwegenetz, das Einblicke in die faszinierend abwechslungsreiche Natur mit all Ihren seltenen Tier- und Pflanzenarten gewährt. Alle, die sich zum Beispiel eine Ferienwohnung in Scheidegg, einem beliebten sonnenreichen Kneippkurort aussuchen, bekommen zu einem herrlichen Blick auf die Alpen außerdem auch noch wunderschöne Seen, Flüsse und sogar Wasserfälle zu sehen. Im Allgäu Sehenswürdigkeiten entdecken Zahlreich und vielfältig sind die Sehenswürdigkeiten im Allgäu: Märchenhafte Schlösser, historische Burgruinen, mittelalterliche Städte, einzigartige Kunst- und Kulturdenkmäler sowie abwechslungsreiche Landschaften und Naturschönheiten prägen den Urlaub im Süden Deutschlands. Zu den bekanntesten Sehenswürdigkeiten gehören unter anderem das berühmte Schloss Neuschwanstein und Hohenschwangau, aber auch die historisch wertvollen Burgruinen Eisenberg und Hohenfreyberg. Ebenso sehenswert sind auch das altehrwürdige Kloster Ottobeuren, die beeindruckende Schlucht des Breitachklamms sowie die Skisprungschanze in Oberstorf. Wir wünschen Ihnen einen unvergesslichen Urlaub und einen angenehmen Aufenthalt in Ihrer Ferienwohnung im Allgäu oder Ihrem Allgäu Ferienhaus. MehrWenigerJetzt für den Newsletter anmelden und keine Angebote mehr verpassen!Ihre E-Mail AdresseMietinteressentenErweiterte SucheLast-Minute AngeboteReiseinformationenUnterkunft sicher mietenVermieterFerienwohnung vermietenVermieter-LoginÜber unsWer sind wir?Jobs & KarriereKontaktImpressumService & SonstigesFAQSitemapFolgen Sie uns aufZahlungsmethodenDurch die Nutzung von Allgaeu-Travel.com erklären Sie sich mit unseren Allgemeinen Geschäftsbedingungen und unserer Datenschutzerklärung einverstanden.MehrWenigerAuswahl: ... - ... (3 Nächte) LeerenerrorBitte mindestens 2 Tage auswählenSchließenmodimidofrsaso123456789101112131415161718192021222324252627282930311234 CloseMap data ©2017 GeoBasis-DE/BKG (©2009), Google"
9,allstars-direktvertrieb.de," Allstars-Vertrieb Um Allstars-Vertrieb in vollem Umfang nutzen zu können, empfehlen wir Ihnen Javascript in Ihrem Browser zu aktiveren. ALL STARS -20 % RABATT PORTOFREI AB 50€ KAUF AUF RECHNUNG EXPERTEN & BESTELL-HOTLINE: + 49 641 460 555 66 ANMELDUNG Menü Suchen Suchen WUNSCHLISTE ANMELDUNG Warenkorb 0 Artikel | 0,00 € * Protein/Eiweiss Booster Creatin Weight Gainer Aminosäuren Riegel L-Carnitin Vitamine/Mineralien Zubehör  Menü schließen Kategorien Protein/Eiweiss Booster Creatin Fatburner/Diät Weight Gainer Aminosäuren Riegel L-Carnitin Vitamine/Mineralien Zubehör Informationen AGB Widerrufsrecht Datenschutz Versand und Zahlungsbedingungen Impressum Produkte All Stars Protein Cookie, 12 Cookies á 75 g Inhalt 0.9 Kilogramm (26,66 € / 1 Kilogramm) 20 UVP 29,99 € * nur 23,99 € * direktkaufen Zum Produkt All Stars Protein Cookie, 1 Cookie á 75 g Inhalt 75 Gramm (2,67 € / 100 Gramm) 20 UVP 2,50 € * nur 2,00 € * direktkaufen Zum Produkt All Stars Nutbar, 1 Riegel á 40 g Inhalt 40 Gramm (4,50 € / 100 Gramm) 20 UVP 2,25 € * nur 1,80 € * weitereVarianten Zu den Produkten All Stars Nutbar, 24 Riegel á 40 g Inhalt 0.96 Kilogramm (44,99 € / 1 Kilogramm) 20 UVP 53,99 € * nur 43,19 € * weitereVarianten Zu den Produkten All Stars Clean Bar, 1 Riegel á 60 g Inhalt 60 Gramm (3,70 € / 100 Gramm) 20 UVP 2,78 € * nur 2,22 € * weitereVarianten Zu den Produkten All Stars Clean Bar, 18 Riegel á 60 g Inhalt 1.08 Kilogramm (36,95 € / 1 Kilogramm) 20 UVP 49,89 € * nur 39,91 € * weitereVarianten Zu den Produkten All Stars All Natural Oatcake, 80 g Riegel Inhalt 80 Gramm (1,88 € / 100 Gramm) 19 UVP 1,85 € * nur 1,50 € * weitereVarianten Zu den Produkten All Stars All Natural Oatcake, 24 Riegel á 80 g Inhalt 1.92 Kilogramm (18,50 € / 1 Kilogramm) 20 UVP 44,39 € * nur 35,51 € * weitereVarianten Zu den Produkten All Stars Muscle Protein Bar, 24 Riegel á 80 g Inhalt 1.92 Kilogramm (30,62 € / 1 Kilogramm) 20 UVP 73,49 € * nur 58,79 € * weitereVarianten Zu den Produkten All Stars Muscle Protein Bar, 1 Riegel á 80 g Inhalt 80 Gramm (3,11 € / 100 Gramm) 19 UVP 3,07 € * nur 2,49 € * weitereVarianten Zu den Produkten All Stars Whey-Crisp Bar, 50 g Riegel Inhalt 0.05 Kilogramm (37,20 € / 1 Kilogramm) 20 UVP 2,32 € * nur 1,86 € * weitereVarianten Zu den Produkten All Stars Whey-Crisp Bar, 24 Riegel á 50 g Inhalt 1.2 Kilogramm (36,99 € / 1 Kilogramm) 20 UVP 55,49 € * nur 44,39 € * weitereVarianten Zu den Produkten All Stars Crisp-Pro Bar, 1 x 50 g Riegel Inhalt 50 Gramm (4,00 € / 100 Gramm) 13 UVP 2,31 € * nur 2,00 € * weitereVarianten Zu den Produkten All Stars Crisp-Pro Bar, 24 x 50 g Riegel Inhalt 1.2 Kilogramm (36,99 € / 1 Kilogramm) 20 UVP 55,49 € * nur 44,39 € * weitereVarianten Zu den Produkten All Stars Real Pro Low Carb, 24 x 50 g Riegel Inhalt 1.2 Kilogramm (35,26 € / 1 Kilogramm) 20 UVP 52,89 € * nur 42,31 € * weitereVarianten Zu den Produkten All Stars Real Pro Low Carb, 1 x 50 g Riegel Inhalt 50 Gramm (3,52 € / 100 Gramm) 20 UVP 2,20 € * nur 1,76 € * weitereVarianten Zu den Produkten All Stars Pro-Plex Bar, 32 Riegel á 35g Inhalt 1.12 Kilogramm (31,06 € / 1 Kilogramm) 20 UVP 43,49 € * nur 34,79 € * weitereVarianten Zu den Produkten All Stars Pro-Plex, 1 Riegel á 35g Inhalt 35 Gramm (3,43 € / 100 Gramm) 12 UVP 1,36 € * nur 1,20 € * weitereVarianten Zu den Produkten All Stars Hy-Pro Deluxe, 1 Riegel à 100 g Inhalt 100 Gramm 7 UVP 3,23 € * nur 3,00 € * weitereVarianten Zu den Produkten All Stars Hy-Pro Deluxe, 24 Riegel à 100 g Inhalt 2.4 Kilogramm (25,83 € / 1 Kilogramm) 20 UVP 77,49 € * nur 61,99 € * weitereVarianten Zu den Produkten All Stars Protein Cookie, 12 Cookies á 75 g Inhalt 0.9 Kilogramm (26,66 € / 1 Kilogramm) 20 UVP 29,99 € * nur 23,99 € * direktkaufen Zum Produkt All Stars Protein Cookie, 1 Cookie á 75 g Inhalt 75 Gramm (2,67 € / 100 Gramm) 20 UVP 2,50 € * nur 2,00 € * direktkaufen Zum Produkt Produkte Schließen All Stars Blender Bottle Pro-Stack, 500 ml... 10,99 € * direktkaufen Zum Produkt All Stars Trinkflasche, 500 ml 3,99 € * direktkaufen Zum Produkt All Stars Blender Bottle Pink, 400 ml... 9,49 € * direktkaufen Zum Produkt All Stars Drink Bottle 2,2 Liter 14 UVP 14,99 € * nur 12,95 € * direktkaufen Zum Produkt All Stars Blender Bottle Pro-Stack, 500 ml... 10,99 € * direktkaufen Zum Produkt All Stars Trinkflasche, 500 ml 3,99 € * direktkaufen Zum Produkt All Stars Lipodex, 120 Kapseln Dose Inhalt 96 Gramm (41,24 € / 100 Gramm) 20 UVP 49,49 € * nur 39,59 € * direktkaufen Zum Produkt All Stars BCAA Powder, 400 g Dose Inhalt 400 Gramm (8,20 € / 100 Gramm) 20 UVP 40,99 € * nur 32,79 € * direktkaufen Zum Produkt All Stars Blender Bottle Pro-Stack, 500 ml... 10,99 € * direktkaufen Zum Produkt All Stars Muscle Protein Bar, 1 Riegel á 80 g Inhalt 80 Gramm (3,11 € / 100 Gramm) 19 UVP 3,07 € * nur 2,49 € * weitereVarianten Zu den Produkten All Stars Muscle Protein Bar, 24 Riegel á 80 g Inhalt 1.92 Kilogramm (30,62 € / 1 Kilogramm) 20 UVP 73,49 € * nur 58,79 € * weitereVarianten Zu den Produkten All Stars Nitro Plex, 2000 g Dose Inhalt 2 Kilogramm (28,40 € / 1 Kilogramm) 20 UVP 70,99 € * nur 56,79 € * weitereVarianten Zu den Produkten All Stars Pump Booster, 352 g Dose Inhalt 0.352 Kilogramm (86,34 € / 1 Kilogramm) 20 UVP 37,99 € * nur 30,39 € * weitereVarianten Zu den Produkten All Stars Whey-Crisp Bar, 50 g Riegel Inhalt 0.05 Kilogramm (37,20 € / 1 Kilogramm) 20 UVP 2,32 € * nur 1,86 € * weitereVarianten Zu den Produkten All Stars Whey-Crisp Bar, 24 Riegel á 50 g Inhalt 1.2 Kilogramm (36,99 € / 1 Kilogramm) 20 UVP 55,49 € * nur 44,39 € * weitereVarianten Zu den Produkten All Stars Carnitin Pure Liquid, 18 Ampullen á... Inhalt 0.45 Liter (65,76 € / 1 Liter) 20 UVP 36,99 € * nur 29,59 € * direktkaufen Zum Produkt All Stars 100% Whey Protein, 500 g Beutel Inhalt 0.5 Kilogramm (29,98 € / 1 Kilogramm) 17 UVP 17,99 € * nur 14,99 € * weitereVarianten Zu den Produkten All Stars Amino Liquid, 1000 ml Flasche Inhalt 1 Liter 20 UVP 40,99 € * nur 32,79 € * weitereVarianten Zu den Produkten TOP ANGEBOTE JETZT ZUM NEWSLETTER ANMELDEN UND 10% AUF IHREN EINKAUF ERHALTEN Anmelden Mit der Anmeldung zum Newsletter bestätigen Sie unsere Datenschutzvereinbarung Sie erhalten exklusive Sonderangebote, News & Gutscheine! Ihre Daten sind sicher und werden nicht an Dritte weitergegeben Abmeldung jederzeit möglich ﻿ KONTAKT Experten & Bestell-Hotline:+49 641 460 555 66Mo. - Fr. 09:00 - 17:00 Uhr VERSAND Infos zu Lieferung & Versand Unser Versandpartner: ZAHLUNGSARTEN SICHER EINKAUFEN Sichere Zahlung mit SSL-Verschlüsselung Über 3.000 Artikel auf Lager Kostenloser Rückversand Unser Flagship Store in Gießen INFORMATIONEN AGB Widerrufsrecht Datenschutz Impressum NEWSLETTER Anmelden Mit der Anmeldung zum Newsletter bestätigen Sie unsere Datenschutzvereinbarung Sie erhalten exklusive Sonderangebote, News & Gutscheine! Ihre Daten sind sicher und werden nicht an Dritte weitergegeben Abmeldung jederzeit möglich AGB Widerrufsrecht Datenschutz Versand und Zahlungsbedingungen Impressum * Alle Preise inkl. gesetzl. Mehrwertsteuer zzgl. Versandkosten und ggf. Nachnahmegebühren, wenn nicht anders beschrieben "
10,apm-telescopes.de," APM Telescopes Suche [schließen] X Beschreibung durchsuchen: Anzahl der Ergebnisse: 20 50 100 alle Kategorien: alle Kategorien Ferngläser Teleskope Sonnenbeobachtung Montierung & Stative Okulare CCD / Astrofotografie Optisches Zubehör Mechanisches Zubehör Sonstiges Zubehör Kuppeln Hersteller: alle Hersteller Akku-King Altair Astro Antares APM APM - LOMO Apo-Refraktoren APM - LZOS Apos APM Prof. Telesk. / Montier. APM-Riccardi APM-TSE ASA Astro Systeme Austria Astro Devices Astro Physics AstroGizmos Astrolumina Astronomik Astronscientific Astroshell AstroTrac ATiK Instuments Baader Planetarium Basler Berlebach Brandon Vernonscope Bresser Bücher BW-Optik Celestron CORONADO DayStar Dew Not Docter euro EMC astro division Explore Scientific Farpoint FLI Finger Lake Instruments Fujinon Geoptik GSO Gutekunst Optiksysteme Howie Glatter Intes Micro iOptron Kokusai Kohki Lacerta Leica Losmandy Lunt Engineering Lunt Solar Systems Masuyama Meade Meopta MoonLite Moravian Instruments Neuerer Nikon Officina Stellare Omegon Optec/USA Opticron Orion UK Orion/USA Pentax Pierro Astro PrimaLuceLab Questar Shelyak Instruments Sirius Observatories Sky-Watcher Solarscope / UK Starlight Instruments Steiner Swarovski Takahashi TAL TecnoSky Tele-Optic Telegizmos The Imaging Source ToupTec TS Optics Universal Vixen WatchDesign William Optics Zambuto Carl ZWO Infotelefon: +49(0) 681 - 954 303 2-0 (Mo-Fr 9-17 Uhr, Do. bis 18Uhr) Ihr Konto | Kasse | Anmelden | Warenkorb Der Warenkorb enthält 0 Artikel für 0,00 EUR » Startseite Neu bei APM Telescopes Bücher - Poster: Das Astronomische Jahr 2018 14,90 EUR » mehr Neuheiten anzeigen Kategorien Sitemap Mehr als 27 Jahre APM APM Aktionen Weihnachtsaktionen 2017 APM Highlights Ferngläser Teleskope Sonnenbeobachtung Montierungen & Stative Okulare CCD / Astrofotografie Optisches Zubehör Mechanisches Zubehör Sonstiges Zubehör Kuppeln Sternwarten Stative Lagerliste Secondhand gebrauchte Zeiss Produkte Oldtimer & Antik Hersteller Akku-King Altair Astro Antares APM APM - LOMO Apo-Refraktoren APM - LZOS Apos APM Prof. Telesk. / Montier. APM-Riccardi APM-TSE ASA Astro Systeme Austria Astro Devices Astro Physics AstroGizmos Astrolumina Astronomik Astronscientific Astroshell AstroTrac ATiK Instuments Baader Planetarium Basler Berlebach Brandon Vernonscope Bresser Bücher BW-Optik Celestron CORONADO DayStar Dew Not Docter euro EMC astro division Explore Scientific Farpoint FLI Finger Lake Instruments Fujinon Geoptik GSO Gutekunst Optiksysteme Howie Glatter Intes Micro iOptron Kokusai Kohki Lacerta Leica Losmandy Lunt Engineering Lunt Solar Systems Masuyama Meade Meopta MoonLite Moravian Instruments Neuerer Nikon Officina Stellare Omegon Optec/USA Opticron Orion UK Orion/USA Pentax Pierro Astro PrimaLuceLab Questar Shelyak Instruments Sirius Observatories Sky-Watcher Solarscope / UK Starlight Instruments Steiner Swarovski Takahashi TAL TecnoSky Tele-Optic Telegizmos The Imaging Source ToupTec TS Optics Universal Vixen WatchDesign William Optics Zambuto Carl ZWO Produktseiten Lunt Solar Systems Professional Telescopes APOS · LZOS Design Sternwarten Kuppeln Total Solar Eclipse 2017 Login / Anmeldung E-Mail-Adresse: Passwort: Passwort vergessen? Software-Tipp: Aberator Download für Windows-Systeme Download für Mac OS-Systeme 1234567 Um eine korrekte Darstellung zu erhalten und alle Funktionen nutzen zu können, aktivieren Sie bitte Javascript. APM/Lunt - Herschelkeil / Sonnenprisma 1 ... Artikelnr.: 0558211OFLieferzeit: auf Lager 149,00 EUR inkl. 19 % MwSt. zzgl. Versandkosten APM 2-Zoll-Zenitspiegel mit ... Artikelnr.: APM-2-diag-DX-FLLieferzeit: auf Lager 145,00 EUR inkl. 19 % MwSt. zzgl. Versandkosten APM 82 mm 45° ED-Apo-Fernglas mit 1,25"" ... Artikelnr.: APM-82-SD-Bino45Lieferzeit: auf Lager 2.229,00 EUR inkl. 19 % MwSt. zzgl. Versandkosten APM Gabelmontierung mit AMT Encoder und ... Artikelnr.: APMGabel-AMT-NexusLieferzeit: 3-7 Tage 1.995,00 EUR inkl. 19 % MwSt. zzgl. Versandkosten APM Image Master Mini Leitrohr 60 mm - ... Artikelnr.: APM-60-GUIDELieferzeit: 1-4 Tage 175,00 EUR inkl. 19 % MwSt. zzgl. Versandkosten APM Image Master Mini Leitrohr 50 mm - ... Artikelnr.: APM-50-GUIDELieferzeit: auf Lager 129,00 EUR inkl. 19 % MwSt. zzgl. Versandkosten APM 120 mm 45° SD-Apo Fernglas mit 1,25"" ... Artikelnr.: APM-SD-120-Bino45Lieferzeit: auf Lager 4.299,00 EUR inkl. 19 % MwSt. zzgl. Versandkosten APM 2 Zoll Zenitprisma mit ... Artikelnr.: APM-2-diag-PR-FLLieferzeit: auf Lager 195,01 EUR inkl. 19 % MwSt. zzgl. Versandkosten APM - Teleskop Super ED Apo Astrograph ... Artikelnr.: APM-107-700-T-3ZTALieferzeit: 1-2 Wochen 2.149,00 EUR 1.999,00 EUR inkl. 19 % MwSt. zzgl. Versandkosten APM Adventskalender Informationen zum Weihnachtskalender Zahlungsarten Sicher einkaufen bei APM! Informationen Ladenlokal BLOG APM Firmengeschichte Liefer- und Versandkosten Sitemap Interessante Links Internationale Partner eBay Kontakt APM Telescopes Service & Logistik Center Goebenstrasse 35 66117 Saarbruecken GERMANY Phone: +49- 681- 954 303 2-0 Fax: +49 -681- 954 303 2-9 E-Mail: info@apm-telescopes.de » Kontaktformular » Anfahrt Öffnungszeiten Montag - Freitag: 9:00 Uhr - 17:00 Uhr Donnerstag: 9:00 Uhr - 18:00 Uhr Samstag: nach Vereinbarung. Liefer- und Versandkosten Zahlungsarten Privatsphäre und Datenschutz Unsere AGB Widerrufsrecht Altbatterie-Entsorgung Kontakt Impressum Anfahrt xt:Commerce 4.1 © 2017 xt:Commerce techn. Betreuung Winges EDV Services Lade..."
11,aprilagentur.de," Die Werbeagentur in Berlin-Friedenau - april agentur Menu Home Portfolio april agentur Blog Kontakt Impressum AGBs Wir gestalten mit Freude Projekt: Reederei Bruno Winkler mehr ansehen Liebe zum Detail Projekt: agivia GmbH mehr ansehen Nutzerfreundlichkeit Projekt: gsp Städtebau GmbH mehr ansehen Scroll april agentur – Werbeagentur in Berlin-Friedenau. Wir konzipieren und gestalten Kommunikationsstrategien und Designlösungen für Ihr Unternehmen. Dabei legen wir großen Wert auf Individualität, damit sich Ihr Projekt von der Masse abhebt. Eine enge und ehrliche Zusammenarbeit mit Ihnen als Kunden bildet die Grundlage für ein erfolgreiches Projekt. Printdesign, Webdesign oder Film? Unsere Kreativität kennenlernen. april agentur GbR Stierstraße 8, 12159 Berlin Telefon 030 29030031 kontakt@aprilagentur.de Kaffee oder ""Green Juice""? Schreiben oder sprechen Sie mit uns. Gerne beantworten wir Ihre Fragen oder laden Sie zu uns in die agentur ein. Besuch planen. Social Media Top Wir gestalten mit Freude – april agentur Diese Webseite verwendet Cookies. Wenn Sie auf der Seite weitersurfen, stimmen Sie der Cookie-Nutzung zu.OKweitere Informationen"
12,baender24.de," Baender24.de Diese Seite benötigt Cookies. Sind Sie mit der Nutzung von Cookies einverstanden? Ja Nein Um Baender24.de in vollem Umfang nutzen zu können, empfehlen wir Ihnen Javascript in Ihrem Browser zu aktiveren. Service: +49 (0) 4171 - 690 5340 Mo. - Do. 9h - 16h und Fr. 9h - 15h Service/Hilfe Info für Händler Über uns Häufig gestellte Fragen Kontakt Versand und Zahlungsbedingungen Widerrufsrecht Datenschutz AGB Impressum Deutschlands größte Auswahl an Gurtband und Zubehör Menü Suchen Suchen Merkzettel Mein Konto Warenkorb 0,00 € * 0 Bänder Metallzubehör Kunststoffzubehör Karabiner Schnur / Kordeln Reißverschlüsse Restpostenecke Nähzubehör & Garne Bänder für jeden Einsatzzweck Gurtband PES-Gurtband 1mm stark PP-Gurtband 1,2mm stark PP- und PES- Gurtband 1,4mm stark PP-Gurtband 1,8mm stark PP-Gurtband 2mm stark Farbiges Sicherheitsgurtband / Autogurt Schlauchgurtband / Gurtband aus Polyamid Buntes Band / 3-farbiges Band Pfötchengurtband ca. 2,8mm dick Gurtband aus Baumwolle Gürtelband / Taschenband Gummiertes PP-Gurtband - 2,9mm dick Sonderposten Musterkarten Zurrgurte / Ladungssicherung Klettband Klettband Standardqualität Selbstklebendes Klettband Back to back Klettband /Rücken an Rücken Klettband Industriequalität Elastisches Flauschband Reflektorband Reflektierendes Paspelband 10mm breit 15mm breit 20mm breit 25mm breit 30mm breit 40mm breit 50mm breit Gurtband mit Reflektor Gummiband 5mm breit 10mm breit 15mm breit Knopflochgummi / Lochgummi 20mm breit 25mm breit 30mm breit 40mm breit 50mm breit 60mm breit 80mm breit Gummikordel Webband SKYLINE-Webbänder Sortiert nach Breiten Sortiert nach Muster / Motiv Einfassband / bedrucktes Band Einfassband / Schrägband Borten / bedrucktes Band Musterkarte der Bänder Scheren / Garne Scheren Nähgarn vün Gütermann Umfangreiches Metallzubehör für alle Bereiche Steckschließer Hosenträgerzubehör Steckschließer aus Zinkdruckguss Steckschließer aus ALU Sicherheitssteckschließer Mappenverschlüsse Magnetverschlüsse Buchschrauben D-Ringe & Vierkantringe D-Ringe aus Stahl, vernickelt D-Ringe aus Messing D-Ringe aus Edelstahl (V4A) Ovalringe aus Stahl, goldfarben Vierkantringe / Triangel Durchzugketten Halfterringe Rundringe / Ösen Rundringe aus Stahl Stegringe Rundringe aus Edelstahl Schlüsselringe Rundringe aus Messing Rundösen / Ösen Doppelwirbel Spann & Klemmschnallen Klemmschnallen aus Zinkdruckguss Rollschnallen Klemmschließe / Rohlinge für Schlüsselan Gürtelschnallen Regulatoren / Schieber Regulatoren aus Stahl / Zinkdruckguss Regulatoren aus Messing Gurtbandschlaufen Zubehör Pferdeartikel Verschlüsse Halfterringe Panikhaken Schieber Zubehör Hundeartikel Durchzugketten Jagd- und Zangenhaken Verschlüsse Gurtbandenden Zange für Rohlinge / Gurtbandenden Das komplette Kunststoffzubehör im Überblick Steckschließer Steckschließer aus Kunststoff Gebogene Steckschließer Steckschließer aus Acetal Farbige Steckschließer Sicherheitssteckschließer D-Ringe & Ovalringe Ovalringe aus Nylon D-Ringe aus Nylon Farbige D-Ringe Ovalringe aus Kunststoff Triangeln Spann & Klemmschnallen Klemmschnallen aus Plastik Spannschnallen / Leiterschnallen Gurtbandenden Regulatoren & Schieber Regulatoren, farbig Regulatoren aus Nylon Schieber Gurtbandschlaufen aus Kunststoff Taschenzubehör Karabiner Schulterpolster Verschlüsse Kordelstopper-/enden Kordelstopper Kordelenden Karabiner für den perfekten Halt Karabiner aus Kunststoff/ Nylon fest drehbar Farbige Karabiner *Abverkauf* Karabiner aus Zinkdruckguss Scherenkarabiner Karabiner mit Rundwirbel Für 10mm breites Gurtband Für 15mm breites Gurtband Für 20mm breites Gurtband Für 25mm breites Gurtband Für 30mm breites Gurtband Für 40mm breites Gurtband Für 50mm breites Gurtband Karabiner aus Messing Karabiner mit Rundwirbel Für 15mm breites Gurtband Für 20mm breites Gurtband Für 25mm breites Gurtband Brummelhaken /Flaggenwirbel Karabiner aus Aluminium Schlüsselkarabiner Bolzenkarabiner aus Edelstahl 1 Stück 10 Stück Panikhaken / Jagdhaken / Simplexhaken Schnur und Kordeln in großer Auswahl Polyesterschnur 2mm Stärke Kordelstopper & enden Kordelstopper Kordelenden PP-Schnur 3mm PP-Schnur 5mm PP-Schnur Baumwollschnur 3mm dick 5mm dick 8mm dick 12mm dickes Juteseil 15mm Flachkordel Restposten 15mm Flachkordel Gummikordel Satinschnur / Satinkordel Paracord Schnur Reißverschlüsse in verschiedenen Längen und Farben Endlosreißverschluss 5m 3mm Spiralbreite 4mm Spiralbreite 5mm Spiralbreite 6mm Metallschiene 8mm Spiralbreite 10mm Spiralbreite Restposten Reißverschlüsse, versch. Längen 18cm Länge 20cm Länge 22cm Länge 25cm Länge 40cm Länge 60cm Länge 120cm Länge Zipper / Endstücke für Reißverschlüsse für 3mm Reißverschluss Endstücke für Reißverschlüsse für 5mm Reißverschluss für 6mm Metall-Reißverschlüsse für 8mm Reißverschluss für 10mm Reißverschluss Endlosreißverschluss 100m / 200m Bündel Unser Restposten bietet Ihnen niedrige Preise & Top-Qualität PP-Gurtband 1,2mm stark 15mm breit 20mm breit 25mm breit 30mm breit 40mm breit 50mm breit PP-Gurtband 1,4mm stark 10 mm breit 15mm breit 20mm breit 25mm breit 30mm breit 40mm breit 50mm breit PP-Gurtband 1,8mm stark 15mm breit 20mm breit 25mm breit 30mm breit 40mm breit 50mm breit Farbiges Sicherheitsgurtband / Autogurt Reißverschlüsse, versch. Längen PP-Gurtband 2mm stark *NEU* PP-Schnur Webband Restposten Stoffe, Garne und Nähzubehör BeaLena Stoffe Garne / Kleber von Gütermann Allesnäher 200m / 1.000m Allesnäher Neonfarben 100m Garne Extra Stark 100m Baumwollgarn Textilkleber Nähzubehör / Scheren Nadeln & Kreide Scheren & Nahttrenner Maßbänder, Kleber & Clips Druckverschlussbeutel  Menü schließen Kategorien Bänder Metallzubehör Kunststoffzubehör Karabiner Schnur / Kordeln Reißverschlüsse Restpostenecke Nähzubehör & Garne Sonderposten Informationen Info für Händler Über uns Häufig gestellte Fragen Kontakt Versand und Zahlungsbedingungen Widerrufsrecht Datenschutz AGB Impressum Unsere Neuheiten NEU 50m Sicherheitsgurtband / Kindergurt pink *Sonderposten*... Inhalt 50 Meter (0,78 € * / 1 Meter) 38,99 € * 52,39 € * NEU Steckschließer aus Alu - 15mm - vermessingt - 1 Stück... Inhalt 1 Stück 2,79 € * NEU Hosenträgerclips - 40mm Durchlass - 3 Stück Inhalt 1 Stück 2,79 € * NEU Feuerwehr Karabinerhaken - 80 x 8mm - schwarz - 1 Stück Inhalt 1 Stück 1,29 € * NEU Feuerwehr Karabinerhaken - 80 x 8mm - schwarz - 10 Stück Inhalt 10 Stück (1,10 € * / 1 Stück) 10,99 € * NEU 50m Rolle Gürtelband / Taschenband - Farbe: Fischgrät... Inhalt 50 Meter (1,46 € * / 1 Meter) 72,99 € * NEU 50m Rolle Gürtelband / Taschenband - Farbe: Fischgrät... Inhalt 50 Meter (1,46 € * / 1 Meter) 72,99 € * NEU 50m Rolle Gürtelband / Taschenband - Farbe: Fischgrät... Inhalt 50 Meter (1,46 € * / 1 Meter) 72,99 € * NEU 25mm Zurrgurt mit Ratsche - Bruchlast 800 daN - 4m lang -... Inhalt 4 Meter (1,20 € * / 1 Meter) 4,79 € * NEU Kordelende - für Schnüre bis 4mm Dicke - creme - 10 Stück Inhalt 1 Stück 0,89 € * NEU Paracord 550 Typ III Made in USA - Foliage Green - 15 Meter Inhalt 1 Stück 6,90 € * NEU 25m Klettband (Flausch & Haken), 30mm breit, Farbe: pink... Inhalt 25 Meter (0,56 € * / 1 Meter) 13,99 € * NEU 50m Sicherheitsgurtband / Kindergurt pink *Sonderposten*... Inhalt 50 Meter (0,78 € * / 1 Meter) 38,99 € * 52,39 € * NEU Steckschließer aus Alu - 15mm - vermessingt - 1 Stück... Inhalt 1 Stück 2,79 € * NEU Hosenträgerclips - 40mm Durchlass - 3 Stück Inhalt 1 Stück 2,79 € * NEU Feuerwehr Karabinerhaken - 80 x 8mm - schwarz - 1 Stück Inhalt 1 Stück 1,29 € * NEU Feuerwehr Karabinerhaken - 80 x 8mm - schwarz - 10 Stück Inhalt 10 Stück (1,10 € * / 1 Stück) 10,99 € * Erstklassige Bänder und Textilzubehör online kaufen: Baender24 Wenn Sie hochwertige Bänder, zum Beispiel Gurtband, günstig kaufen möchten, ist unser Onlineshop eine ausgezeichnete Wahl. Bei Baender24 erwartet Sie ein vielseitiges Portfolio, das im Bereich Bänder und Textilzubehör nahezu jeden Wunsch erfüllt. Vom Klettband über Einfass- und Gürtelbänder bis hin zu Polyesterschnur und Kordelstopper bieten wir Ihnen eine beachtliche Auswahl. Schauen Sie sich um und lassen Sie sich von unserer umfassenden Produktpalette begeistern. Wir freuen uns über Ihren Besuch! Bänder für diverse Zwecke mit ausgezeichnetem Preis-Leistungs-Verhältnis Ganz gleich ob für private oder gewerbliche Zwecke – wer Qualitätsbänder und andere Artikel zur Textilverarbeitung benötigt, wird in unserem hervorragend sortierten Shop garantiert fündig. Sie wünschen Gurtbandin einer bestimmten Farbe und Stärke oder möchten für die Produktion selbstklebendes Klettband in größeren Mengen bestellen? Wir bieten Ihnen in diesem Segment alles, was Sie brauchen. Ebenso sind Sie bei uns richtig, wenn Sie als Taschenhersteller Sicherheitsgurtband in unterschiedlichen Ausführungen ordern möchten. Selbstverständlich haben wir auch Produkte wie PP-Gurtband und Schlauchgurtband stets auf Lager. Eines haben all unsere Bänder jedoch gemeinsam: Sie überzeugen durch ein tolles Preis-Leistungs-Verhältnis und einzigartige Qualität. Unser Gurtband-Programm im Überblick: PP-Gurtbänder in diversen Stärken farbige Sicherheitsgurtbänder Schlauchgurtbänder aus Polyamid dreifarbige Bänder Gurtbänder aus Baumwolle Pfötchen-Gurtbänder. Bedrucktes Band: erste Wahl für Bastler, Schneider und Hobby-Designer Lassen Sie sich von unserer Bänder-Vielfalt zu neuen Projekten inspirieren! Beispielsweise zählen diverse bedruckte Fabrikate mit den unterschiedlichsten Motiven zum hiesigen Angebot. Einfassband für festliche Geschenke und als Dekoration finden Sie in unserem Online-Katalog genauso wie buntes Gummiband oder Designer-Webband, das sich ganz hervorragend zur Verzierung von Kindertextilien und -taschen eignet. Natürlich sind Sie in der Rubrik ""Bänder"" ebenfalls richtig, sollten Sie Reflektorband günstig ordern wollen. Durchstöbern Sie unsere stets abwechslungsreiche Farb- und Formenvielfalt an Bändern, die aktuellen Trends folgt. Unser Taschenzubehör: Bänder, D-Ringe, Karabinerhaken und mehr Obgleich der Fokus bei Baender24 auf der außergewöhnlich großen Bänder-Auswahl liegt, haben wir uns inzwischen auch als Shop für Taschenzubehör einen guten Namen gemacht. Sehr umfangreich fällt das Portfolio in der Kategorie ""Gürtelband/Taschenband"" aus. Hier stehen Ihnen fünf Dutzend Artikel in unterschiedlichen Farben und Breiten zur Verfügung. Wer sich als Taschendesigner versuchen möchte, der sollte unbedingt einen Blick auf unsere D-Ringe und Rundringe werfen. Sehr beliebt in der Taschenproduktion sind derzeit Karabinerhaken, die sich als auffälliges Accessoire durchgesetzt haben und bei uns in zahlreichen Designs erhältlich sind. Reißverschlüsse: Zipper, Endlosreißverschluss und feste Längen Auch diverse Reißverschlüsse zählen zu unserem Portfolio. Möchten Sie Textilien wie Jacken oder Taschen selbst designen, führt an diesen Verschlussteilen kaum ein Weg vorbei. Bei Baender24 können Sie Reißverschluss-Zipper in den unterschiedlichsten Farbvarianten und Formaten erwerben. Und da Sie beim Entwurf eigener Kreationen sicher nicht auf eine feste Länge des Verschlusses festgelegt sein möchten, halten wir einen praktischen Endlosreißverschluss von fünf Metern Länge in der Farbe Ihrer Wahl bereit, den Sie nach Ihren Bedürfnissen zurechtschneiden können. Immer auf Lager: Polyesterschnur, Gummikordel und Schlüsselringe Neben unserem vielfältigen Bänder- und Taschenzubehör-Angebot können Sie im Baender24-Onlineshop diverse weitere Produkte ordern. So zählen unter anderem auch Artikel wie Polyesterschnur und Gummikordel zu den Bestellungen unserer Kunden. Hinzu kommen Schlüsselringe aus Federstahl, die wir in unterschiedlichen Ausführungen und Durchmessern anbieten. Und wenn Sie einen Magnetverschluss suchen, halten wir in der entsprechenden Kategorie ebenfalls hervorragende Modelle bereit. Kreative Bastler und Tüftler wissen die Vorzüge unserer vielseitigen Produktpalette zu schätzen und bilden deshalb einen wichtigen Teil unserer Stammkundschaft. Überzeugen auch Sie sich von den Vorzügen unseres Shops. Genießen Sie ein unkompliziertes Einkaufsvergnügen und suchen Sie bequem von zu Hause Ihre gewünschten Produkte aus. Bei Fragen zu unserem überragenden Sortiment stehen wir Ihnen gerne telefonisch und via E-Mail zur Verfügung. Service Hotline Sie erreichen uns Mo. - Do. 9h - 16h und Fr. 9h - 15h: Telefon: +49 (0) 4171 - 690 5340 Fax: +49 (0) 4171 - 690 5349 E-Mail: service@baender24.de Shop Service Defektes Produkt Kundeninfo Kontakt Versand und Zahlungsbedingungen Rückgabe Widerrufsrecht AGB Informationen Aktuelles Newsletter Über uns Datenschutz Impressum Zahlung und Versand Ab 49 € versandkostenfrei innerhalb Deutschlands. Lieferung auch an Packstationen Käuferschutz * Alle Preise inkl. gesetzl. Mehrwertsteuer zzgl. Versandkosten und ggf. Nachnahmegebühren, wenn nicht anders beschrieben Info für Händler Über uns Häufig gestellte Fragen Kontakt Versand und Zahlungsbedingungen Widerrufsrecht Datenschutz AGB Impressum Copyright © - 2017 Baender24.de Powered by Userlike Wir sind für Sie da Please leave a message "
13,bag-trends.de," bag-trends - sicheres Online Shopping! Suchen in diesem Shop Suchen in diesem Shop Suchen auf Rakuten.de Suchbegriffe Kategorien Anmelden oder Registrieren Merkliste0 Shopping Cart0 Möchten Sie Ihre bisher anonym angelegte Merkliste mit Ihrem Kundenkonto verknüpfen und auch als angemeldeter Kunde weiterhin Zugriff darauf haben? JA NEIN StartseiteNewsletterReduziertBlogHomeMehrTaschenHandtaschenSchultascheGobelinReisetaschenReisetascheReisetrolleyRollentascheRucksackBade- / StrandtaschenKinderweltSchultasche, RucksackKofferKoffer Koffer SetsRevlon LedertaschenAccessoires / SchmuckKettenArmbänderUhrenSchlüsselanhängerRegenschirmBeautyWillkommen in unserem Shop!Wir führen Clutches/Taschen/Handtaschen/Schultaschen.Modisch up to date, außergewöhnlich, trendy, unverwechselbar, praktisch und schick. Carpe Diem. Nutze den Tag... Viel Spass beim Shoppen!Neu im SortimentBestsellerReduziertSt. George YachtingLuxus Canvas St. George Reisesack Seesack Marine Weekender49,90 €Kostenlose LieferungSofort lieferbarSt. George YachtingLuxus Reisetasche Marine edler Weekender Canvas49,90 €Kostenlose LieferungSofort lieferbarSignareGobelin Einkaufstasche Blumen dunkel Beutel Umwelttasche...8,00 €Kostenlose LieferungSofort lieferbarSignareGobelin Einkaufstasche Blumen hell Beutel Umwelttasche...8,00 €Kostenlose LieferungSofort lieferbarSignareGobelin große Reisetasche D schwarz Tasche Stoff Weekender29,90 €Kostenlose LieferungSofort lieferbarSignareGobelin Einkaufstasche Städte Beutel Umwelttasche robust...8,00 €Kostenlose LieferungSofort lieferbarRoyaltex SignareGobelin große Reisetasche D Blau Tasche Stoff Weekender29,90 €Kostenlose LieferungSofort lieferbarRoyaltex SignareGobelin große Reisetasche D Rot Tasche Stoff Weekeender...29,90 €Kostenlose LieferungSofort lieferbarLondon FashionDesigner HandTasche Dubai Theater edel klein schwarz34,90 €Kostenlose LieferungSofort lieferbarLondon FashionDesigner HandTasche Dubai Theater edel klein silber34,90 €Kostenlose LieferungSofort lieferbarDERFORM / MarvelSpiderman Rucksack Schultasche The Amazing 229,90 €Kostenlose LieferungSofort lieferbarSignareGobelin große Reisetasche Kolibri Tasche Stoff Weekender29,90 €Kostenlose LieferungSofort lieferbarSignareGobelin große Reisetasche Tulpen Tasche Stoff Weekender29,90 €Kostenlose LieferungSofort lieferbarGobelin Einkaufstasche Katzen Beutel Katze Umwelttasche...5,99 € Kostenlose LieferungRoyaltex SignareGobelin Trolley Blumen hell große Reisetasche Tasche...31,90 €Kostenlose LieferungSofort lieferbarSignareGobelin Trolley Blumen dunkel große Reisetasche Tasche...31,90 €Kostenlose LieferungSofort lieferbarSun and SandStrandtasche XXL Sun and Sand California Sport Sauna Bade...24,50 €** 21,90 €- 11 % Reduzierter ArtikelKostenlose LieferungSofort lieferbarTom & Eva, ParisHandtasche Wildlederlook Khaki33,90 €** 23,90 €- 30 % Reduzierter ArtikelKostenlose LieferungSofort lieferbar**Ehemaliger Verkäuferpreis*Unverbindliche PreisempfehlungÜber uns Zahlungsmöglichkeiten Unser Blog Newsletter abonnieren KontaktSpecialsStartseiteNewsletterReduziertBlogBezahlungWillkommen Herzlich willkommen in unserem Shop! Wenn Sie Fragen haben, rufen Sie uns einfach an oder schreiben Sie uns. Wir freuen uns auf Ihren Anruf und beraten Sie gerne! Service und Beratung+49 (0)2166-99 86 00Mo-Fr 10.00 Uhr - 17.00 UhrSa 09.15 Uhr - 11.00 UhrInformiert bleibenUnser NewsletterProfitieren Sie von aktuellen Angeboten, Aktionen und Gutscheinen!Unser Newsletter X Leider konnten wir Sie nicht erfolgreich registieren. Bitte versuchen Sie es später noch einmal. Oops! Nicht alle Eingaben waren korrekt. Versuchen Sie es noch einmal! Vielen Dank! Sie haben sich erfolgreich für unseren Newsletter registriert. FrauHerrOops! Sie haben keinen Vornamen eingegeben. Versuchen Sie es noch einmal!Oops! Sie haben keinen Nachnamen eingegeben. Versuchen Sie es noch einmal!Oops! Sie haben eine ungültige E-Mail Adresse eingegeben. Versuchen Sie es noch einmal! Ja, ich möchte regelmäßig über Angebote und Aktionen von Ihnen per E-Mail informiert werden. Abmeldung jederzeit möglich. AnmeldenWarum können Sie bei uns sicher einkaufen?ImpressumAGBDatenschutzKontaktKundeninformation '); "
14,bagel.de," Bagel Gruppe OkBagel verwendet Cookies. Mit der Weiterverwendung der Seite stimmen Sie der Benutzung von Cookies zu. Erfahren Sie mehr.Cookie Consent plugin for the EU cookie law Deutsch | English Kontakt Datenschutz Impressum Bagel Gruppe Startseite Gruppe Druckereien Verlage Dienstleistungen Karriere Aktuell Chronik Nachhaltigkeit Illustrationsdruck Verpackungsdruck Sicherheitsdruck Karl Rauch Verlag A. Bagel Immobilien Zentraleinkauf Finanz- und Rechnungswesen Personalwesen StartseiteUnsere Kompetenz - Das Druckgeschäft Die Bagel Gruppe ist eine Druckerei- und Verlagsgruppe mit Hauptsitz in Düsseldorf und stolz darauf, bereits in siebter Generation als Familienunternehmen tätig zu sein. Unsere ungewöhnlich lange Tradition bedeutet uns viel. Auf ihr bauen wir auf und verbinden sie mit unserem Unternehmensleitsatz: Wir denken und handeln kundennah, innovativ, und nachhaltig. Kundennah, weil wir die Marktbedürfnisse in den Mittelpunkt unseres Denkens und Handelns stellen. Innovativ, weil wir nicht nur durch ständige Anpassung an den neuesten Stand der Technik der Nachfrage nachkommen, sondern stetig weitere Geschäftsbereiche entwickeln. Nachhaltig, weil wir den Schutz der Umwelt als Maxime unseres wirtschaftlichen Handelns ernst nehmen. Aktuelles Prismavom 24. November 2017 Innovative Produktgestaltung Entgegen dem allgemeinen Markttrend beweist der Prisma Verlag durch innovative Produktgestaltung und klares Marketing, wie sich Print erfolgreich in einer sich digitalisierenden Welt behaupten kann. Mit einer weiteren Regionalversion, aufgrund hinzugewonnener Verlage, baut der Prisma Verlag seine wöchentliche Auflage auf über 4,5 Mio. Exemplare aus. Wir freuen uns, an dieser Entwicklung teil zu haben, nicht […] Engelbert Straussvom 23. November 2017 Optimierung der Logistik bis zum Zustelldienstleister Mit Engelbert Strauss bedienen wir seit 2017 einen der erfolgreichsten Distanzhändler in Deutschland. Die Herausforderung besteht darin, innerhalb kürzester Zeit Kataloge mit Umfängen von mehr als 700 Seiten qualitativ sehr hochwertig herzustellen. Neben Druck und Klebebindung gewährleisten wir in unserem Haus ab sofort auch die Adressoptimierung. Dabei werden die logistischen Abläufe verschiedener Zustelldienstleister optimal berücksichtigt. […] Weitere NeuigkeitenWitt Weiden mit neuem ProduktionskonzeptKostenvorteile durch die Polar DC 11 plus Stanze bei NovaprintAutor und Illustrator des Wimmelsachbuch „Wie kommt die Kunst ins Museum?“ kommen in die Galerie Engelage & Lieder Kontakt Gruppe Karriere AktuellesPrismaEngelbert StraussWitt Weiden mit neuem ProduktionskonzeptKostenvorteile durch die Polar DC 11 plus Stanze bei NovaprintAutor und Illustrator des Wimmelsachbuch „Wie kommt die Kunst ins Museum?“ kommen in die Galerie Engelage & Lieder Gruppe Nachhaltigkeit Chronik Druckereien Illustrationsdruck Etikettendruck Sicherheitsdruck Verlage Karl Rauch Verlag A. Bagel Dienstleistungen Immobilien Zentraleinkauf Finanz- und Rechnungswesen Personalwesen Copyright by Bagel Verlag GmbH © 2017 | Impressum "
15,baulando.com," BAULANDO - Arbeitsschutz, Baumaschinen, Diamantscheiben News Kontakt Anmelden Anmelden Passwort vergessen Neu hier? Jetzt registrieren € 0,00 Es befinden sich keine Artikel im Warenkorb Arbeitsschutz Arbeitsschutz Bekleidung Schuhe/ Stiefel Oberbekleidung Hebetechnik Ketten-Zubehör Kettengehänge Knieschutz Ladungssicherung / Abdeckung Handschuhe Kopfschutz/ Gehörschutz Badezimmer Badezimmer Abfluss-Systeme / Zufuhr-Systeme Verschlüsse für Waschbecken Armaturen Badewanne Dusche Waschtisch Sanitärinstallation Baustelle/ Werkstatt Baustelle/ Werkstatt Chemische Produkte Netze/ Folien/ Säcke Sport und Freizeit Maschinen Maschinen Blasgeräte / Sauggeräte Akkublasgeräte Benzin Bohren / Trennen / Stemmen Trennschleifer Heckenscheren Akku-Heckenscheren Benzin Kettensägen/ Hochentaster Akku-Kettensägen Benzin Zubehör Blasgeräte / Sauger Bohrer/ Meissel Druckluftwerkzeuge Rasenmäher Trennscheiben mehr (3) Ersatzteile Ersatzteile Filter Freischneider Zündkerzen Kettensägen und Hoch-Entaster Trennschleifer und Erdbohrgeräte Rasenmäher / Traktoren Traktoren Werkzeug/ Gartengeräte Werkzeug/ Gartengeräte Ideal Krumpholz Collomix SHW Kelle Eimer Quirl Besen/ Rechen/ Schieber Elektro Spezialwerkzeuge Malerwerkzeug Handwerkzeug Kellen / Glätter / Spachtel Pressen / Pistolen / Spritzen Scheren/ Messer/ Sägen Schlüssel Schraubwerkzeuge mehr (2) Eimer und Kübel € 0,00 Es befinden sich keine Artikel im Warenkorb Alle Kategorien Arbeitsschutz Bekleidung Hebetechnik Knieschutz Ladungssicherung / Abdeckung Handschuhe Kopfschutz/ Gehörschutz Badezimmer Abfluss-Systeme / Zufuhr-Systeme Armaturen Sanitärinstallation Baustelle/ Werkstatt Chemische Produkte Netze/ Folien/ Säcke Sport und Freizeit Maschinen Blasgeräte / Sauggeräte Bohren / Trennen / Stemmen Heckenscheren Kettensägen/ Hochentaster Zubehör Ersatzteile Filter Freischneider Zündkerzen Kettensägen und Hoch-Entaster Trennschleifer und Erdbohrgeräte Rasenmäher / Traktoren Werkzeug/ Gartengeräte Besen/ Rechen/ Schieber Elektro Spezialwerkzeuge Malerwerkzeug Handwerkzeug Eimer und Kübel News Kontakt Neu im Sortiment! Pilotenwarnschutzjacke ab € 34,45 * TRIZERATOP Hebeband ab € 2,26 * Zulaufarm RUND Wandarm Deckenarm für Regendusche / Kopfbrause ab € 15,50 * Top Angebote Previous TRIZERATOP Warnschutz Fleece-Jacke WINTO € 24,95 * Scheibenenteiser Spray € 1,99 * STIHL BR 700 Rückentragbares Blasgerät € 629,00 * TRIZERATOP Warnschutz-Softshelljacke € 47,99 * TRIZERATOP Warnschutz Fleece-Jacke WINTO € 24,95 * Scheibenenteiser Spray € 1,99 * STIHL BR 700 Rückentragbares Blasgerät € 629,00 * TRIZERATOP Warnschutz-Softshelljacke € 47,99 * TRIZERATOP Warnschutz Fleece-Jacke WINTO € 24,95 * Scheibenenteiser Spray € 1,99 * Next Unsere Bestseller HUSQVARNA Motorsäge T435 14"" € 355,99 * STIHL Kettensäge MS 181, 35cm € 279,00 * TRIZERATOP Regen-Warnschutzjacke, extra lang € 15,99 * Informationen Urheberrechtshinweise Wir über uns Zahlungsmöglichkeiten Versandinformationen Newsletter Gesetzliche Informationen Datenschutz AGB Sitemap Impressum Batteriegesetzhinweise Widerrufsrecht * Alle Preise inkl. gesetzlicher USt., zzgl. Versand Ausgewählte Top-Bewertungen für www.baulando.de 14.11.17Die Ware kam um 2Tage früher als angekündigt. (SUPER) Leider befand sich keine Betriebsanleitung in der Sendung. Ic… 25.07.17Alles schnell und reibungslos abgewinkelt 01.07.17Die tatsächliche Lieferzeit überschritt leider die angebotene bei Weitem. Nach telefonischer Kontaktaufnahme war… 22.06.17Artikel widerrufen deshalb keine Bewertung 07.06.17Keine Probleme 02.03.17Alles super,gerne wieder Super ware,seher gute qualität.26 Bewertungen © Amlex Handels GmbH + Co. KG Powered by JTL-Shop "
16,bbq24.de," Grill Shop - BBQ Grills & Grillzubehör kaufen » BBQ24.de Wir verwenden in unserem Shop Cookies. Wenn Sie auf der Seite weitersurfen stimmen Sie der Cookie-Nutzung zu. close BBQ Grill & Grillzubehör Hotline 0751 - 35 45 08 00 10:00 – 18:00 Uhr Kostenloser Versand ab 80€ Gratis Rücksendung innerhalb 30 Tagen Top Preise und 3% Skonto Anmelden 0 0 Warenkorb Sie haben keine Artikel im Warenkorb. Zwischensumme 0,00 € Warenkorb ansehen Suche Gasgrills Gaskugelgrills Campinggrills Grillstationen Outdoorküchen & Built in Holzkohlegrills Kugelgrills offene Grills Campinggrills Holzkohle Grillstation Elektrogrills Tischgrills Standgrills Sonstige Grills Pelletgrills Keramikgrills Holzbacköfen Smoker Barbecue Smoker Pellet Smoker Gewürze & Saucen Gewürze Saucen & Marinaden Marinadenzubehör Grillzubehör allgemeines Grillzubehör Pfannen & Töpfe Messer & Schneidbretter Vakuumieren Reinigen Grillbesteck & Küchenhelfer Ambiente Räuchern & Woodchips Wood Planks und Grilling Papers Woodchips Pellets Räucheröfen und Boxen Geschenkartikel Lesestoff sämige Beigabe Werkzeuge Arbeitskleidung Brennstoff Kräutergarten Grillschätze Kerntemperaturmessgeräte Abdeckhauben zu Grills Smoker Zubehör Dutch Oven Abdeckhauben zu Smoker Anzündebedarf & Briketts Kohle Briketts Anzündkamin Grillanzünder Holz Pellets Feuerzeuge Grillmagazine & Fachliteratur Weber Grill Weber Gasgrills Weber Holzkohlegrills Weber Elektrogrills Sonstige Grills Weber Grillzubehör allgemeines Grillzubehör Reinigen Weber Grillbesteck Räuchern Weber Kerntemperaturmessgeräte Weber Abdeckhauben Weber Anzündbedarf Weber Grill Fachliteratur Winter grillt Grillkurse Sale JavaScript scheint in Ihrem Browser deaktiviert zu sein. Sie müssen JavaScript in Ihrem Browser aktivieren, um alle Funktionen in diesem Shop nutzen zu können. BBQ24 – Ihr Grill Shop für qualitative Grills und Grillzubehör Das Team hinter BBQ24 ist Ihr Ansprechpartner, wenn es darum geht, die besten und qualitativ hochwertigsten Grills und das entsprechende Zubehör zu finden. Durch die Vielseitigkeit unseres Angebotes werden selbst Grillexperten noch überrascht und geraten ins Schwärmen. Zudem ist es unser Ziel, Grills und Ausrüstung für jeden und jede Rahmenbedingung anbieten zu können. Daher gehört auch eine umfassende und individuelle Beratung zu unserem Serviceangebot. // Gasgrills Mit einem Gasgrill sind Sie flexibel und können sauber und schnell Ihr Grillgut durchbruzeln und Ihren Gästen präsentieren. // Holzkohlegrills Der beliebte Klassiker ist in jeder Situation die richtige Wahl, um in der Gemeinschaft herrliche Speisen zuzubereiten. // Grillstationen Der echte Grillprofi schwört auf eine luxuriöse Grillstation und zahlt gern mehr für die vielen Extras und erweiterten Möglichkeiten. // Pelletgrills Der Pelletgrill erlaubt modernes Grillen für Grillgut jeder Art und eine perfekte Steuerung dank modernster Technik. // Weber Grills Hochwertige Gasgrills, Holzkohlegrills, Elektrogrills und zahlreiches Grillzubehör von Weber. Willkommen in der Welt des Grillens. // Smoker Smoker bestechen durch Ihre schonende Zubereitung und belohnen Sie mit traumhaften Geschmackserlebnissen. // Grillgewürze In unserer Auswahl finden Sie für jedes Grillgut die passenden Gewürze in spannenden Geschmacksnoten. // Grillsaucen & Marinaden Mit Saucen und Marinaden werden Fleisch & Co. in besonderer Weise vorbereitet und veredelt. Die Ergebnisse werden Sie begeistern. // Grillzubehör Hier finden Sie nützliches Grillzubehör von Markenherstellern, was für ein gelungenes Grillfest unverzichtbar ist. Unsere Bestseller im Grill Shop Wenn Sie bei uns einen Grill kaufen, haben Sie zuvor eine riesige Auswahl und finden vom hochwertigen Hobbygrill bis zur Premium Grillstation alles in einem Shop. Besondere Angebote und unsere beliebten Bestseller präsentieren wir Ihnen hier. Markengrills werden von innovativen und intelligenten Zusatzartikeln ergänzt, die sich schnell sehr hoher Beliebtheit erfreuten und von uns ständig verbessert werden. Wir aktualisieren unsere Angebote regelmäßig. Es lohnt sich unsere Top-Seller im Auge zu behalten! Unsere Topseller Previous Reduziert Im Ladengeschäftausgestellt BBQ24 Gasgrill Panther 501 Regulärer Preis: 649,00 € jetzt: 499,00 € Inkl. 19% MwSt., zzgl. Versandkosten Im Ladengeschäftausgestellt Weber Spielzeug Kugelgrill schwarz für Kinder - m... 29,99 € Inkl. 19% MwSt., zzgl. Versandkosten Weber Spielzeug Smokey Joe schwarz für Kinder 17,99 € Inkl. 19% MwSt., zzgl. Versandkosten Napoleon Rogue R325 R1 Gasgrillstation 499,00 € Inkl. 19% MwSt., zzgl. Versandkosten Reduziert Im Ladengeschäftausgestellt Outdoorchef Gasgrill Leon 570 G Vanilla Regulärer Preis: 479,00 € jetzt: 349,00 € Inkl. 19% MwSt., zzgl. Versandkosten Reduziert Im Ladengeschäftausgestellt Outdoorchef Holzkohle-Kugelgrill Easy Charcoal 570 C Regulärer Preis: 249,00 € jetzt: 159,00 € Inkl. 19% MwSt., zzgl. Versandkosten Reduziert Im Ladengeschäftausgestellt Weber Genesis E-310 Black Gasgrill inkl. Drehspieß Regulärer Preis: 1.548,00 € jetzt: 949,00 € Inkl. 19% MwSt., zzgl. Versandkosten Reduziert Im Ladengeschäftausgestellt Weber Holzkohlegrill Master-Touch GBS Crimson Red... Regulärer Preis: 378,99 € jetzt: 349,00 € Inkl. 19% MwSt., zzgl. Versandkosten Reduziert Im Ladengeschäftausgestellt BBQ24 Gasgrill Panther 501 Regulärer Preis: 649,00 € jetzt: 499,00 € Inkl. 19% MwSt., zzgl. Versandkosten Im Ladengeschäftausgestellt Weber Spielzeug Kugelgrill schwarz für Kinder - m... 29,99 € Inkl. 19% MwSt., zzgl. Versandkosten Weber Spielzeug Smokey Joe schwarz für Kinder 17,99 € Inkl. 19% MwSt., zzgl. Versandkosten Napoleon Rogue R325 R1 Gasgrillstation 499,00 € Inkl. 19% MwSt., zzgl. Versandkosten Reduziert Im Ladengeschäftausgestellt Outdoorchef Gasgrill Leon 570 G Vanilla Regulärer Preis: 479,00 € jetzt: 349,00 € Inkl. 19% MwSt., zzgl. Versandkosten Reduziert Im Ladengeschäftausgestellt Outdoorchef Holzkohle-Kugelgrill Easy Charcoal 570 C Regulärer Preis: 249,00 € jetzt: 159,00 € Inkl. 19% MwSt., zzgl. Versandkosten Reduziert Im Ladengeschäftausgestellt Weber Genesis E-310 Black Gasgrill inkl. Drehspieß Regulärer Preis: 1.548,00 € jetzt: 949,00 € Inkl. 19% MwSt., zzgl. Versandkosten Reduziert Im Ladengeschäftausgestellt Weber Holzkohlegrill Master-Touch GBS Crimson Red... Regulärer Preis: 378,99 € jetzt: 349,00 € Inkl. 19% MwSt., zzgl. Versandkosten Next Grill Shop: Faire Preise und gute Qualität Nicht jeder benötigt einen Smoker oder eine Grillstation im Garten bzw. hat eine ausreichend große Nutzfläche für die besonderen Geräte. Aus diesem Grund setzen wir auf eine Angebotsvielfalt, die vom Tischgrill bis zum Smokerzubehör reicht und Ihnen neue Möglichkeiten eröffnet. Selbst Keramikgrills und Holzbacköfen gehören zu unserem umfangreichen Sortiment. Die einfache Handhabe, beste Funktionalität und Sicherheit während des Betriebs sind dabei immer das Maß aller Dinge. Mit unseren Produkten und Hinweisen für Grillkurse und Gerichte können Sie Ihre Fähigkeiten ständig verbessern. Ein weiterer wichtiger Gesichtspunkt in unserem Grill Shop sind die Preise unserer Produkte. Die Bandbreite ist auch hier enorm. Entdecken Sie viele Schnäppchen und günstige Sales hochwertiger Grills. Größere Grillstationen und Smoker inklusive Zubehör verlangen zwar eine weitergehende Investition, diese rechnet sich jedoch auf lange Sicht und bereitet Ihnen mit Sicherheit viel Freude. Unsere Grills sind langlebig und auch für den Erhalt sowie Schutz der Materialien bieten wir Zubehör wie Abdeckungen & Co. an. Damit schaffen Sie sich mehr als ein Küchen- und Freizeitutensil an. Leidenschaftliche Hobbygriller wissen die Qualität des Grillgutes und den freudebringenden Weg der Zubereitung zu schätzen. Welcher Grill passt zu mir? Wir beraten Sie gern Unser Kauftipp Da Sie bei uns im Grill Shop jede Art Grill finden, können wir Ihnen passend zu verschiedenen Anlässen zahlreiche Empfehlungen aussprechen. So ist es beispielsweise nicht immer möglich oder gewollt, im heimischen Garten oder auf dem eigenen Grundstück zu grillen, weshalb eine besonders große Grillversion weder praktikabel noch nötig ist. In diesen Fällen sollten Sie auf unsere Campinggrills zurückgreifen z. B. von Lotus oder Cobb. Die kleinen Varianten sind handlich, enorm gut verarbeitet und versprechen beste Grillergebnisse. Sie lassen sich leicht verstauen und somit mühelos transportieren. Daher können sie nahezu überall spontan eingesetzt werden. Auch in Bezug auf das richtige Zubehör können wir Ihnen weiterhelfen und Ihren Grillhorizont erweitern. Neben klassischem Grillbesteck in allen Formen und Materialien raten wir Freunden des Räucherns im Smoker gern zu ganz besonderen Woodchips. Es ist fast eine Wissenschaft für sich, die passenden Hölzer und Duftnoten für das Grillfleisch und anderes Grillgut auszuwählen. Mit dem Hersteller Axtschlag eröffnet sich eine riesige Bandbreite an herrlichen Aromen vom Sägespäneduft über Bieraroma bis hin zu fruchtigen Noten wie Apfel, Pflaume und Kirsche. Holz-, Gas- oder Elektrogrill? Werfen Sie einen Blick in unseren Grill Shop Holzkohlegrill: Ein Holzkohlegrill ist der Klassiker, der von so vielen Grillfreunden geschätzt wird und sich nahezu überall leicht nutzen lässt. Ob auf der heimischen Terrasse, im Garten oder auf öffentlichen Grillflächen in Parks, echter Genuss und das typische Grillaroma sind sicher. Sehr beliebt sind seit Längerem die Kugelgrills, die zusätzliche Sicherheit, Windschutz und Praktikabilität bieten. Mit den namhaften Markenhersteller Outdoorchef und Napoleon führen wir Grillmodelle, die allen Ansprüchen gerecht werden. Gasgrill: Das Segment der Gasgrills in unserem Grill Shop ist vor allem mit sehr hochwertigen Modellen ausgestattet, die sich als massive Grillstationen darstellen. Die rollbaren Vielkönner verursachen weniger Schmutz und lassen sich auf dem eigenen Grundstück recht gut bewegen. Sie garantieren einen sehr luxuriösen und unkomplizierten Grillgenuss, solange Sie dies möchten. Broil King ist ein Top-Hersteller dieser besonderen Grills, der sowohl die obere Hälfte des mittleren Preissegments bedient, als auch die Premiumklasse für echte Fans – schauen Sie sich um! Elektrogrill: Auch der Elektrogrill ist in seiner Handhabung eine einfache Alternative zum klassischen Kohlegrill und mausert sich seit einiger Zeit vom eher weniger gemochten Grilltyp zum Geheimtipp. Die technischen Möglichkeiten und vor allem die Qualität der Ergebnisse stehen denen anderer Grilltypen in nichts nach. Unsere äußerst flexiblen Elektrogrills von Weber zeichnen sich durch Stabilität, Bedienkomfort und faire Preise aus. Diese Grills eignen sich auch gut als Zweitgrill oder handlichere Wahl für kleinere Grillabenteuer. Information Hotline Ladengeschäft Gutscheine NEU Angebote Wir verschicken mit DHL Paket Logistik Zahlungsmöglichkeiten Versandländer Unsere Zertifikate & Partner BBQ24 Impressum Datenschutz AGB Wiederrufsbelehrung Verbraucherrecht Sicher online shoppen ! Top Grill Marken Weber Grill Outdoorchef Grill Broil King Grill Napoleon Grill Rösle Smoky Fun Smoker Top Grill Kategorien Gasgrill Holzkohlegrill Elektrogrill Smoker Grillzubehör Saucen & Marinaden Sie finden uns auch auf BBQ24 App für iOS und Android Durchstöbern sie unser Sortiment und shoppen sie in userem Griil & BBQ Shop wann und wo immer sie möchten, ganz bequem mit unseren Apps für iOS und Android Geräten. Newsletter Anmeldung: Absenden © Thommel Handels-GmbH & Co. KG | Impressum | Datenschutz | AGB | Widerrufsbelehrung | Verbraucherrecht | Zahlungsarten | Versandkosten | zertifizierter Shop × Loading... Produkt in Warenkorb legen... "
17,bear-family.de," Bear Family Records - Vinyl, CD, DVD- Musik Mailorder Online Sehr gut4.86/5.00Zertifiziert seit 10.12.2013×Zertifizierter Shop×Need help?Our staff are always ready to helpLive help is online... Your browser blocks some 3rd party cookies by default. By clicking on this page you allow our partner Criteo to place its cookies and serve personalized ads. You can read more or disable Criteo ads here. This notice only appears once. About Criteo Cookies Collapse Um Bear Family Records in vollem Umfang nutzen zu können, empfehlen wir Ihnen Javascript in Ihrem Browser zu aktiveren. BEAR FAMILY RECORDS Musik ist unser Leben - ♬ Vinyl, CD, DVD ♬ - These Cats Dig Music Bear Family Records Mein Konto Merkzettel Service/Hilfe Deutsch Englisch Französisch Warenkorb 0,00 €* Positionen anzeigen Bonuspunkte: 0 Werde Fan auf Facebook Folge uns auf Twitter! Treffe uns auf Google Unser YouTube Channel Zu unserem Blog +49 (0)4748 / 821 60 info@bear-family.de News Bear Family Rock'n'Roll Rock / Pop Elvis Country Blues Schlager Vinyl weitere Bereiche SALE Slide leftSlide right Neuheiten Neuheiten wieder lieferbar wieder lieferbar demnächst erhältlich demnächst erhältlich Weihnachten Weihnachten Slide leftSlide right Slide leftSlide right DVD Sale DVD Sale Bear Family Country Rock'n'Roll Blues / R&B Deutsch Vinyl Slide leftSlide right Haley, Bill & His... See You Later... Inhalt: 1.0000 Statt:19,95 € * 14,95 € * Various - History Battleground Korea -... Inhalt: 1.0000 99,95 € * Various Artists At The Louisiana... Inhalt: 1.0000 194,95 € * Adams, Art Memphis Dream (7inch,... Inhalt: 1.0000 12,00 € * Dupree, Champion... Champion Jack Dupree -... Inhalt: 1.0000 16,95 € * Nelson, Ricky Sing, Ricky, Sing!... Inhalt: 1.0000 19,95 € * Domino, Fats Teenageparty with Mr.... Inhalt: 1.0000 19,95 € * Various -... Big City Christmas -... Inhalt: 1.0000 9,95 € * Various -... Christmas On The... Inhalt: 1.0000 9,95 € * Various - That'll... Vol.28 - Rockabilly &... Inhalt: 1.0000 15,95 € * Ruby & The Mudflaps Breezy - Do The Boogie... Inhalt: 1.0000 11,95 € * Various - Bear... Woody Guthrie - The... Inhalt: 1.0000 99,95 € * Loading... ...zur Kategorie Slide leftSlide right Cash, Johnny Hymns From The (LP,... Inhalt: 1.0000 14,95 € * Gantry, Chris At The House Of Cash (LP) Inhalt: 1.0000 24,95 € * Robbins, Marty More Gunfighter... Inhalt: 1.0000 14,95 € * Jinks, Cody Adobe Sessions (2-LP,... Inhalt: 1.0000 31,95 € * Lewis, Jerry Lee Country Store... Inhalt: 1.0000 15,95 € * Fogerty, John Blue Moon Swamp (LP,... Inhalt: 1.0000 27,95 € * Various Farewell, Alligator... Inhalt: 1.0000 21,95 € * Various Hillbillies In Hell... Inhalt: 1.0000 29,95 € * Womack, Lee Ann The Lonely, The... Inhalt: 1.0000 34,95 € * Cash, Johnny Christmas - There'll... Inhalt: 1.0000 19,95 € * Lynn, Loretta White Christmas Blue (LP) Inhalt: 1.0000 19,95 € * Atkins, Chet Teensville (LP, 180g... Inhalt: 1.0000 19,95 € * Loading... ...zur Kategorie Slide leftSlide right Eddy, Duane The 'Twangs' The... Inhalt: 1.0000 14,95 € * Eddy, Duane Girls! Girls! Girls!... Inhalt: 1.0000 14,95 € * Vartan, Sylvie Sylvie Vartan (LP,... Inhalt: 1.0000 14,95 € * Richard, Cliff 21 Today (LP, 180g Vinyl) Inhalt: 1.0000 14,95 € * Hallyday, Johnny Be Bop A Lula (LP,... Inhalt: 1.0000 17,95 € * Cochran, Eddie Never To Be Forgotten... Inhalt: 1.0000 14,95 € * Cochran, Eddie Cherished Memories... Inhalt: 1.0000 14,95 € * Eddy, Duane Especially For You... Inhalt: 1.0000 14,95 € * Hallyday, Johnny Tete A Tete Avec... Inhalt: 1.0000 14,95 € * Lewis, Jerry Lee Country Store... Inhalt: 1.0000 15,95 € * Les Chats Sauvages Les Chats Sauvages... Inhalt: 1.0000 24,95 € * Various Gerry Goffin And... Inhalt: 1.0000 29,95 € * Loading... ...zur Kategorie Slide leftSlide right Dupree, Champion... Champion Jack Dupree -... Inhalt: 1.0000 16,95 € * Various -... Big City Christmas -... Inhalt: 1.0000 9,95 € * Crudup, Arthur Arthur Crudup - Rocks... Inhalt: 1.0000 16,95 € * Various -... Easter Bunny Hop (CD) Inhalt: 1.0000 9,95 € * Platters, The Four Platters And One... Inhalt: 1.0000 157,95 € * Various Artists Eat To The Beat -... Inhalt: 1.0000 Statt:18,95 € * 17,95 € * Crudup, Arthur A Music Man Like... Inhalt: 1.0000 109,95 € * Harpo, Slim Buzzin' The Blues -... Inhalt: 1.0000 109,95 € * Various - Cree... The Cole Slaw Club -... Inhalt: 1.0000 15,95 € * Various - Groove... Rockin' The Groove Inhalt: 1.0000 Statt:16,95 € * 15,95 € * Various - Groove... Groovin' The Blues Inhalt: 1.0000 Statt:16,95 € * 15,95 € * Various - History Nashville Jumps, Blues... Inhalt: 1.0000 169,95 € * Loading... ...zur Kategorie Slide leftSlide right Lafayette, Lu Flug 704 (7inch,... Inhalt: 1.0000 9,95 € * Raabe, Max Der perfekte... Inhalt: 1.0000 24,95 € * Various Berlin bleibt doch... Inhalt: 1.0000 21,95 € * Crazy Legs Hello, Hello (7inch,... Inhalt: 1.0000 9,95 € * Chinesischen... Ich bin ein Mann!... Inhalt: 1.0000 9,95 € * Greger, Max Strict Tempo Dancing -... Inhalt: 1.0000 9,95 € * Greger, Max Strict Tempo Dancing-... Inhalt: 1.0000 9,95 € * Greger, Max Max Gregers Tanz... Inhalt: 1.0000 9,95 € * Greger, Max Strict Tempo Dancing -... Inhalt: 1.0000 9,95 € * Greger, Max Max Gregers Tanz... Inhalt: 1.0000 9,95 € * Greger, Max Strict Tempo Dancing -... Inhalt: 1.0000 9,95 € * Greger, Max Max Gregers... Inhalt: 1.0000 9,95 € * Loading... ...zur Kategorie Slide leftSlide right Haley, Bill & His... See You Later... Inhalt: 1.0000 Statt:19,95 € * 14,95 € * Bear Family Records Bear Record Butler Inhalt: 1.0000 3,95 € * Adams, Art Memphis Dream (7inch,... Inhalt: 1.0000 12,00 € * Domino, Fats Teenageparty with Mr.... Inhalt: 1.0000 19,95 € * Nelson, Ricky Sing, Ricky, Sing!... Inhalt: 1.0000 19,95 € * Davis, Geater Sweet Woman's Love... Inhalt: 1.0000 19,95 € * Vincent, Gene This Is Gene Vincent... Inhalt: 1.0000 19,95 € * Cartey, Ric Heart Throb - The... Inhalt: 1.0000 19,95 € * Hall, Roy Three Alley Cats... Inhalt: 1.0000 12,00 € * Sledge, Percy The Percy Sledge Way... Inhalt: 1.0000 19,95 € * Various - Cree... Doing Our Thing - More... Inhalt: 1.0000 24,95 € * Lewis, Jerry Lee I Can't Seem To Say... Inhalt: 1.0000 19,95 € * Loading... ...zur Kategorie DVD Sale DVD Sale Christmas is coming Christmas is coming Bear Family Presse Archiv Bear Family Presse Archiv Versand und Zahlungsbedingungen Versand und Zahlungsbedingungen Presse -Various - Christmas On The... Presse -Various - Christmas On The Countryside - Good Times VARIOUS ARTISTS CHRISTMAS AT THE... Presse -Various - Christmas On The... Presse -Various - Christmas On The Countryside - Audio 12-2017 „Christmas On The Countryside” wird... Presse - Various - At The Louisiana... Presse - Various - At The Louisiana Hayride Tonight (20-CD) - Eclipsed BEAR FAMILY PRESSE Magazin:... Rockabilly bei Bear Family Rockabilly bei Bear Family DVD bei Bear Family DVD bei Bear Family Sonderangebote Sonderangebote Bear Family CD Boxen Bear Family CD Boxen Alle Interpreten A-Z Alle Interpreten A-Z Schallplatten Schallplatten Neuheiten Neuheiten The Label The Label Singles Singles Merchandise Merchandise Bücher - Books Bücher - Books Bear Family Produkte Bear Family Produkte Bear Family News Bear Family News Bear Family CDs Bear Family CDs Bear Family Vinyl Bear Family Vinyl Bear Family Serien Bear Family Serien Bear Family DVD Bear Family DVD Bear Family Radio Bear Family Radio Neuheiten, Aktionen und mehr - für Deals, News und Trends melde Dich hier an: Interpreten bei Bear Family A-Z Bear Family Enzyklopädie Bear Family Blogs Demnächst erhältlich bei Bear Family Neuheiten Was man haben muss Bear Family - Kaufen Sie CDs, DVDs, Vinyl, Singles und Bücher in unserem Onlineshop Country und Rockabilly Musik auf Vinyl - unsere Wurzeln Die Geschichte von Bear Family Records beginnt Mitte der 1970er Jahre, genauer gesagt 1975, in einer Zeit, in der Vinyl LPs und Singles neben den damals bereits selten gewordenen Schellack-Platten, den Musik-Kassetten und den Vorläufern zu Videokassetten, die einzigen Tonträger auf dem weltweiten Musikmarkt waren. Es gab noch kein Internet, so dass viele Platten aus Amerika, England usw., gerade abseits des Mainstreams, hierzulande nur sehr schwer zu bekommen waren. So gründete der sich selbst als „verrückten Sammler“ bezeichnende Richard Weize den Plattenvertrieb und das Label Bear Family Records. Auf Vinyl wurden alsbald auf Bear Family verschollen geglaubte Musikschätze aus der neuen Welt, zumeist Country und Rock'n'Roll, wieder veröffentlicht und obendrein der deutsche Musikmarkt vergangener Tage für weitere Veröffentlichungen wiederentdeckt. Das war dann 1975 der Grundstein zu dem, was Bear Family Records heute ist!. Vom Label zum Mailorder Online Shop Was als kleines Platten-Label in Bremen begann, wurde im Lauf der Jahrzehnte zu einem Markenzeichen in der Welt. Neben Vinyl wurde mittlerweile auch die CD nicht nur als weiterer Tonträger in die Bear Family Produktpalette aufgenommen, sondern zumeist sogar als aufwendig gestaltete Box Sets mit integriertem Buch als Kunstwerk in sich veröffentlicht. Und seit das Internet der breiten Öffentlichkeit zugänglich gemacht wurde, bekamen wir auch „unseren“ Online Shop! Im Online Shop bieten wir neben unseren eigenen Bear Family Veröffentlichungen ein breites Programm weiterer Produkte an. Das Angebot von Bear Family Mailorder Musikalisch sollte es nicht bei Country, Rockabilly, Folk und deutschen Schlagern bleiben. Das Angebot wurde und wird stetig erweitert. Es kamen die Genres Rhythm & Blues, Blues, Soul hinzu, sowie zahlreiche weitere Musikrichtungen und Kategorien, wie etwa Jazz, Film-Soundtracks, der Beat der 60er Jahre, Surf, die Neue Deutsche Welle, Schätze der sogenannten Independent Musik, bis hin zu den vielen verschiedenen Varianten und Richtungen der Americana-Roots und des Rockabilly und Psychobilly. Neben den hauseigenen Bear Family Produkten und Sub-Labels, wie z.B. Cree Records und ZuZazz, haben viele ganz unterschiedliche Plattenfirmen, wie Sundazed, Delmark, Buffalo Bop und Dee-Jay Records, Valcour Records, Rollercoaster, BE! Records und das Mississippi Label in unserem Vertrieb und Mailorder ein Zuhause gefunden. Bear Family Records Vinyl Corner - Schallplatten aus dem eigenen Haus Die Auswahlkriterien zu unseren Vinyl-Veröffentlichungen und -Wiederveröffentlichungen sind auf deren Einzigartigkeit fokussiert. Das betrifft zum Einen die Aufnahmen, bei Wiederveröffentlichungen auch die Rarität des Originals, und zum Anderen die Qualität. Qualität beginnt bereits bei der Überspielung der Musik-Titel von original Masterbändern, als auch von hochwertigen Original-Tonträgern aus bestmöglicher Quelle. Qualität spiegelt sich auch in der Kunst der Cover-Gestaltung wider, sowohl bei neu gestalteten Plattencovers, als auch bei Reproduktionen von Originalen. Die Qualität des Vinyls Und natürlich nicht zu vergessen, die Qualität des Vinyls! So wird bei uns sogenanntes „frisches“ Vinyl verwendet, auch als „jungfräulich“ bezeichnet. Das bedeutet, wir verwenden kein recycltes Material in unseren Vinyl-Produkten und können dadurch den bestmöglichen Sound auf unsere Vinyl-Schallplatten zaubern. Vergrößerung der Produktpalette Nicht nur der Musikbereich erlebte in den vergangenen Jahren ein organisches Wachstum. Vielmehr vergrößerte sich allmählich das gesamte Sortiment um viele weitere Kategorien. Die DVD löste die VHS Kassetten ab und vergrößerte automatisch unser Repertoire an Spielfilmen und Konzert-Videos. Merchandise kam hinzu, mit Bekleidung, Mützen, Memorabilia und vieles mehr. Accessoires, Bücher und Zeitschriften runden das Angebot ab. Die Seele von Bear Family Records – Musik verbindet Über die Jahre und Jahrzehnte hat sich so manches bei Bear Family Records verändert. Doch das, was uns ausmacht, haben wir uns immer bewahrt: die Liebe und Leidenschaft zur Musik, zur Kultur, für Vinyl, für Raritäten und der dahinter stehenden Geschichte. Qualität und Authentizität gehören zu unseren zentralen Werten.Wir sind ein Team von verrückten Idealisten und gleichzeitig bodenständigen Menschen. Auszeichnungen für Bear Family Records 1 Echo - Ehrenpreis für besondere Verdienste um die Musik 8 Grammy Nominations 17 ARSC Award for Excellence in Historical Recorded Sound Research 9 mal Preis der deutschen Schallplattenkritik 5 Blues Music Awards 3 Awards from IBMA International Bluegrass Music Association und viele, viele mehr... Bear Family Records - Pressearchiv Wir verschicken seit 1975 täglich und direkt an unsere Kunden, weltweit, schnell und zuverlässig. Wir verschicken ausschließlich neue und in der Regel originalverschweißte Produkte. 42 Jahre Bear Family Records - Established 1975 Apple App Apple App Google App Google App Mobile Shopping Mobile Shopping News Blog News Blog YouTube YouTube Google + Google + facebook facebook Vinyl facebook Vinyl facebook Twitter Twitter TopsellerSeite 1 von 6Slide leftSlide right CD tray CD Tray (Innenteil)... Inhalt: 1.0000 0,25 € * Various - Bear... 40 Years Bear Family... Inhalt: 1.0000 39,95 € * Embryo Soca (It's Soul... Inhalt: 1.0000 9,95 € * CD tray CD Tray (Innenteil) Weiß Inhalt: 1.0000 0,25 € * Loading... BonusartikelSlide leftSlide right Bear Family Sampler - Souvenirs für 100 Punkte 40 Years Bear Family Records... für 650 Punkte Elvis Forever - John Alvarez Taylor für 440 Punkte Elvis - Tear-Out Photo Book für 220 Punkte Loading... Zuletzt angesehen Top Kategorien Bear Family A-Z Liste Bear Family Artist Spezial Bear Family Catalogues Bear Family Download Codes Bear Family Encyclopedia Bear Family On The Road Bear Family Pressearchiv Bear Family Story Bear Family Team Bear Family Radio Top Label Bear Family Records Buffalo Bop Records Cow Island Music Cree Records Dee Jay Jamboree Delmark Records Sundazed Records Valcour Records Social Media Bear Family Apple Apps Bear Family News Blog Facebook Mobile Shopping MySpace Twitter Youtube Top Links A MUST HAVE... Bear Family - A record label Bear Family - Features Auszeichnungen für Bear Family FAQ - Fragen & Antworten Hotline & Kontakt Telefonische Unterstützung und Beratung unter:+49 (0) 47 48 - 82 16-0Mo-Do, 09:00 - 18:00 UhrFr, 09:00 - 16:00 Uhr Telefax: +49(0) 47 48 - 82 16 - 20Zum Kontaktformular Abonnieren Sie den kostenlosen Bear Family Newsletter und verpassen Sie keine Neuigkeit oder Aktion mehr. Zahlungs- & Versandarten Vorkasse Rechnung Lastschrift Debitcard Mehr zu unseren Zahlweisen Klimaneutraler Versand mit DHL GO GREEN Versand mit DHL EXPRESS Versand mit DPD Mehr zu unseren Versandkosten Ausgezeichnet Einkaufen pixi* 4.94/5.004.632 Bewertungenvon hier, amazon.de, ebay.de Ihre Vorteile bei uns Schnelle Lieferung 100 Tage Rückgaberecht Bis 200 € per Rechnung zahlen Ab 55 € versandkostenfrei (innerh. Deutschlands) Kostenlose Rücksendung (innerh. Deutschlands) Zahlung mit PayPal Express Telefonischer Kundenservice Weitere Informationen Bonus-Punkte-Programm Lieferzeiten** Widerrufsrecht Defektes Produkt Rückgabe Kontakt Newsletter Kundeninformationen und AGB Versand und Zahlungsbedingungen Datenschutz FAQ - Fragen & Antworten Site Map Partnerprogramm The media ... * Alle Preise inkl. MwSt und zzgl. Versandkosten. AGB Sicherheit & Datenschutz Impressum Kundeninformationen Sitemap RSS Bear Family Records - Proud to be Independent - Die weltweit renommierteste Firma für Wiederveröffentlichungen - Country Music und Rock'n'Roll, Schlager der 50er und 60er Jahre, Beat, internationale Oldies, Chansons, Jazz, Kabarett & Kultur. Hier finden Sie aktuelle Nachrichten und detaillierte Informationen zu den Veröffentlichungen. © 2013 eCommerce Agentur Rhinos Media® Realisiert mit Shopware Händler-Login Über uns Wie bestellen? Hilfe / Support Kundeninformationen und AGB Versand und Zahlungsbedingungen Widerrufsrecht Datenschutz Kontakt The media Impressum Zertifikat prüfenKäuferschutzbedingungenAlle Bewertungen Impressum Datenschutz+Maximieren×SchließenSehr gut4.86/5.00Zertifizierter ShopZertifikat prüfenKäuferschutzbedingungenAlle Bewertungen Impressum Datenschutz–Minimierenbear-family.de×KäuferschutzSie können sich nach dem Einkauf für die kostenlose Trusted Shops Mitgliedschaft Basic anmelden, inkl. Käuferschutz bis je 100 € für den aktuellen Einkauf sowie für Ihre weiteren Einkäufe in deutschen Shops mit dem Trusted Shops Gütesiegel.Mit Trusted Shops PLUS (inkl. Garantie) werden Ihre Einkäufe sogar bis je 20.000 € durch den Käuferschutz (inkl. Garantie) abgesichert, für 9,90 € pro Jahr inkl. MwSt. bei einer Mindestvertragslaufzeit von 1 Jahr. Die Absicherungsdauer des Käuferschutzes pro Einkauf beträgt in beiden Fällen 30 Tage.Es gelten die Mitgliedschafts- und Käuferschutzbedingungen.Zertifiziertseit 10.12.2013Käuferschutzbis zu 20.000 €×KundenbewertungenDie Note „Sehr gut“ berechnet sich aus den 83 Trusted Shops Bewertungen der letzten 12 Monate, die im Bewertungsprofil eingesehen werden können.466KundenbewertungenSehr gut4.86/5.0010.04.2017gut dass es solche Läden noch gibtLothar B25.03.2017Ich finde der Bearbeitungsprozess dauert zu lang.Christel D11.04.2017sehr guter kundendienst"
18,beautyhills.de," Beauty Hills Shop Um Beauty Hills Shop in vollem Umfang nutzen zu können, empfehlen wir Ihnen Javascript in Ihrem Browser zu aktiveren. Service-Hotline:06190 - 975 60 70 Paraffin- &Parabenfrei Kostenlose Lieferungab 49,- EURO (DE) MeinKonto Beauty Hills Shop Warenkorb MeinWarenkorb 0,00 €* Positionen anzeigen Home Beautysets Kennenlernset Hauttyp Trockene Haut Sensible Haut Fettige Haut Reife Haut Pflegestufen Beautysets 1. Gesichtsreinigung 2. Gesichtswasser 3. Hautfeuchtigkeit 4. Seren 5. Abschlusscreme S. Sonderpflege Ampullen Masken Augenpflege und Handcreme Sonnenpflege Sofortlifting Peeling Synergie Studios 12345Slide leftSlide right Unsere TopsellerSlide leftSlide right Aloe Vera Gel Intensiver Feuchtigkeitsspender Unterstützt die... Inhalt: 120 ml (24,58 € * / 100 ml) 29,50 € * Zum Produkt Natur E Oil Außergewöhnlich zartes Hautgefühl Stark gegen... Inhalt: 30 ml (113,17 € * / 100 ml) 33,95 € * Zum Produkt Cleanser Effektive Gesichtsreinigung ohne die Schutzfunktion der... Inhalt: 120 ml (27,92 € * / 100 ml) 33,50 € * Zum Produkt Freshener Neutralisiert Schadstoffe aus dem Leitungswasser (bspw.... Inhalt: 120 ml (22,42 € * / 100 ml) 26,90 € * Zum Produkt Finally 24 Glatte, geschmeidige Haut Ausstrahlung und Leuchtkraft... Inhalt: 50 ml (123,80 € * / 100 ml) 61,90 € * Zum Produkt Color Day Cream Sun & Care SPF 30 Passt sich dem natürlichen Hautton an Spendet... Inhalt: 30 ml (139,67 € * / 100 ml) 41,90 € * Zum Produkt Hydra Gel Komplex Glättet und strafft die Haut Bindet Feuchtigkeit in der... Inhalt: 120 ml (34,08 € * / 100 ml) 40,90 € * Zum Produkt Eyeliss Verbessert die Elasitizität und Festigkeit der Haut... Inhalt: 15 ml (309,33 € * / 100 ml) 46,40 € * Zum Produkt Warum Beauty Hills? Sie suchen eine Hautpflege, bei der die Wirkung höchste Priorität hat? Sie suchen eine Marke, die für Ihren Hauttypen und Ihre Hautbedürfnisse abgestimmte Produkte liefert? Sie möchten nachhaltig Ihr Hautbild verbessern? Sie suchen eine Hautpflege, der Sie vertrauen können? Sie suchen eine außergewöhnliche Pflege, die Sie nicht in jedem Spiegelschrank finden?Dann sind Sie im Beauty Hills Onlineshop richtig - herzlich willkommen! Beauty Hills basiert auf einem 5-Stufen-Pflegesystem, das je nach Hautbild und Hautwünschen individuell angepasst werden kann. Ihr Vorteil: Die einzelnen Stufen des Pflegesystems sind perfekt aufeinander abgestimmt. Die Produkte passen zueinander und fungieren gegenseitig als Wirkungsverstärker. Slide leftSlide right Slide leftSlide right Wie Ihre Haut profitiert Das Wirkungsprinzip der Pflegestufen: Die Haut wird perfekt gereinigt und der Weg in die tiefen Hautschichten geebnet. Sie wird dort mit den Wirkstoffen versorgt, wo diese am besten mit und für die Haut arbeiten können. Durch unsere intensive Zusammenarbeit mit Kosmetikstudios sind wir in der Lage, unser Produktsortiment fortlaufend weiterentwickeln und vorhandene Produkte verbessern zu können. Sie profitieren von einer überschaubaren Produktvielfalt, die Ihnen die Möglichkeit gibt, auf Ihren Hauttypen optimal einzugehen und neue Impulse in Ihrer Hautpflege zu setzen. Zuletzt angesehen Service Hotline Telefonische Unterstützung und Beratung unter:06190 / 975 60 70Mo-Fr, 09:00 - 17:00 Uhr Service Storelocator Kontakt Versand und Zahlungsbedingungen Widerrufsrecht für Verbraucher Datenschutz Allgemein Beauty Hills Blog Facebook Impressum Unsere Kosmetikstudiopartner FAQ AGB Newsletter Abonnieren Sie den kostenlosen BeautyHills Newsletter und verpassen Sie keine Neuigkeit oder Aktion mehr aus dem Online Shop. * Alle Preise inkl. gesetzl. Mehrwertsteuer zzgl. Versandkosten und ggf. Nachnahmegebühren, wenn nicht anders beschrieben. Ausnahme Schweiz: Alle Preise sind Nettopreise. Die Versendung erfolgt DXV, d.h. Frachtkosten, Zollabfertigungskosten und Zölle zu Lasten von Beauty Hills Cosmetics GmbH; Steuern zu Lasten des Empfängers. Copyright © - Alle Rechte vorbehalten "
19,bellevue-kreuzfahrten.de," Handverlesene Kreuzfahrten & Schiffsreisen bei BELLEVUE Kreuzfahrten online buchen Kundenservice: +49 69 204 56 8 56 (Info) Kundenservice Sie erreichen uns per e-mail oder telefonisch unter: +49 69 204 56 8 56 Servicezeiten:Montag - Freitag 09:00 bis 22:00 Uhrsowie von Samstag bis Sonntag von 9:00 bis 20:00 Startseite Suche Reedereien Hapag-Lloyd Cruises Silversea Seabourn Sea Cloud Cruises Oceania Cruises Princess Cruises Alle Reedereien Schiffe MS EUROPA 2 Seabourn Quest Silver Spirit Sea Cloud II MS EUROPA Azamara Journey Riviera Crystal Serenity Queen Mary 2 Alle Schiffe Reiseziele Mittelmeer Karibik Asien Ostsee Südamerika Transatlantik Nordland Südsee Australien Orient u. Emirate Alle Reiseziele Reisethemen Flusskreuzfahrten Golfkreuzfahrten Expeditionskreuzfahrten Schnupperkreuzfahrten Segelkreuzfahrten Weihnachts- & Silvesterkreuzfahrt Ultra-Luxuskreuzfahrten Alle Reisethemen Traumschiffsreisen bei BELLEVUE Kreuzfahrten buchen Handverlesene Kreuzfahrten auf den besten Luxuslinern Bei BELLEVUE Kreuzfahrten finden Sie über 1.500 exklusive Schiffsreisen. Entdecken Sie außergewöhnliche Routen auf unseren 50 Luxusschiffen von 15 namhaften Reedereien Zu den Angeboten TUI Mein Schiff 6: Exklusiv mit 150 € Bordguthaben Erleben Sie die Weltstadt New York und den Indian Summer an Kanadas Ostküste. ab 2.295 € p.P. Von der Muse geküsst: Inselperlen der Karibik Die Highlights der Karibik erleben mit dem neuesten Luxusliner der Silversea-Flotte. ab 6.799 € p.P. Faszination Weltreise Erleben Sie eine unvergessliche Kreuzfahrt zu den attraktivsten Destinationen weltweit Zu den Angeboten Willkommen bei BELLEVUE Kreuzfahrten! TUI Mein Schiff 6 Mit Muse in die Karibik Weltreise Auf Expedition in der Arktis Crystal Serenity (Info) 33 Tage Nordwestpassage ab 23.313 € p.P. Kreuzfahrten Suchen Hochsee Fluss Frühste Hinreise Späteste Rückreise Reisedauer beliebig kürzer als 6 Tage 6 - 9 Tage 10 - 15 Tage länger als 15 Tage Preis pro Person beliebig < 500 € 500 - 1000 € 1000 - 1500 € 1500 - 2000 € > 2000 € Reiseziele beliebig Afrika Alaska Antarktis Arktis Asien - Indischer Ozean - Ostasien - Südostasien Atlantik Australien Britische Inseln Hawaii Kanarische Inseln Karibik - Östliche Karibik - Südliche Karibik - Westliche Karibik Mexikanische Riviera Mittelamerika Mittelmeer - Östliches Mittelmeer - Westliches Mittelmeer Neuseeland Nordamerika - Neuengland - USA Ostküste - USA Westküste Nordland - Grönland - Island Nord-Pazifik Nordsee Orient u. Emirate Ostsee - Nord-Ostsee-Kanal Panama-Kanal Rotes Meer - Suez-Kanal-Passage Südamerika - Amazonas - Galápagos Süd-Pazifik Südsee Transatlantik Weltreise West-Europa beliebig Amazonas Donau - Donaudelta - Main-Donau-Kanal Frankreich - Rhône - Saône - Seine Rhein - Main - Mosel Südostasien Hafen beliebig Alexandria (Ägypten)Safaga (Ägypten)Sharm El Sheikh (Ägypten)Suezkanal (Ägypten) Frederiksted (St. Croix, US Jungferninseln)Charlotte Amalie (St. Thomas, US Jungferninseln) Antarktische Halbinsel (Antarktis) St. John's (Antigua, Antigua und Barbuda) Buenos Aires (Argentinien)Ushuaia (Feuerland, Argentinien) Oranjestad (Aruba) Brisbane (Queensland, Australien)Fremantle / Perth (Western Australia, Australien)Sydney (New South Wales, Australien) Nassau (New Providence, Bahamas) Bridgetown (Barbados) Brussel / Bruxelles (Brüssel, Belgien)Zeebrugge (Flandern, Belgien)Antwerpen (Flandern, Belgien) Belize City (Belize) King's Wharf (Ireland Island, Bermuda) Rio de Janeiro (Brasilien)Salvador da Bahia (Brasilien)Sao Paulo (Sao Paulo, Brasilien) Road Town (Tortola, UK Jungferninseln) Kap Hoorn (Chile)Osterinsel (Chile)Valparaíso / Santiago de Chile (Chile)Magellanstraße (Chile) Tianjin Xingang / Peking (China)Hongkong (China)Shanghai (China) Rarotonga (Cookinseln) Puntarenas (Costa Rica) Esbjerg (Dänemark)Kopenhagen (Dänemark) Hamburg (Deutschland)Kiel (Deutschland)Warnemünde (Deutschland)Travemünde (Deutschland)Bremerhaven (Deutschland)Helgoland (Deutschland) Roseau (Dominica) Santo Domingo (Dominikanische Republik) Tallinn (Estland) Port Stanley (East Falkland, Falklandinseln) Tórshavn (Färöer, Dänemark) Lautoka (Viti Levu, Fidschi) Helsinki (Finnland) Marseille (Frankreich)Nizza (Frankreich)Villefranche-sur-Mer (Frankreich)Le Havre (Frankreich) Bora Bora (Franz.-Polynesien)Moorea (Franz.-Polynesien) Gibraltar (Gibraltar) St. George's (Grenada) Mykonos (Griechenland)Iraklio (Kreta, Griechenland)Patmos (Griechenland)Rhodos (Griechenland)Piräus / Athen (Griechenland)Katákolon / Olympia (Griechenland)Santorini (Griechenland)Korfu (Griechenland) Kangerlussuaq / Søndre Strømfjord (Grönland) Newcastle upon Tyne (England)Invergordon (Schottland)Southampton (England)St. Peter Port (Guernsey, Kanalinseln)Kirkwall (Orkney, Schottland)Dover (England)Harwich (England) Pointe-à-Pitre (Guadeloupe) Puerto Quetzal (Guatemala) Labadee (Haiti) Mumbai / Bombay (Maharashtra, Indien)Goa (Indien)Kochi / Cochin (Kerala, Indien) Bali (Indonesien) Dublin (Irland) Reykjavik (Island) Neapel (Italien)Genua (Italien)Civitavecchia / Rom (Italien)Capri (Italien)Livorno / Florenz/Pisa (Italien)Savona (Italien)Venedig (Italien)Portoferraio (Elba, Italien)Amalfi (Italien)Bari (Italien)Sorrento (Italien) Ocho Rios (Jamaika) Yokohama (Honshū, Japan)Tokio (Honshū, Japan)Kobe (Honshū, Japan)Osaka (Honshū, Japan)Nagasaki (Kyūshū, Japan) George Town (Grand Cayman, Kaimaninseln) Québec (Québec, Kanada)Victoria (British Columbia, Kanada)Vancouver (British Columbia, Kanada) Mindelo (Sao Vicente, Kap Verde) Cartagena (Kolumbien) Dubrovnik (Kroatien)Split (Kroatien) Havanna (Kuba) Riga (Lettland) Beirut (Libanon) Kelang / Kuala Lumpur (Malaysia) Male (Malediven) Malta (Malta) Tanger (Marokko)Casablanca (Marokko) Fort-de-France (Martinique) Port Louis (Mauritius) Playa del Carmen (Yucatán, Mexiko)Cozumel (Quintana Roo, Mexiko)Acapulco (Guerrero, Mexiko) Auckland (Neuseeland)Tauranga (Neuseeland)Fjordland National Park (Neuseeland) Rotterdam (Niederlande)Amsterdam (Niederlande) St. Maarten (St. Maarten)Curacao (Curacao) Honningsvåg (Nordkap, Norwegen)Tromsø (Norwegen)Trondheim (Norwegen)Bergen (Norwegen)Ålesund (Norwegen)Oslo (Norwegen) Maskat / Muscat (Oman) Callao / Lima (Peru) Gdansk / Danzig (Polen) Lissabon (Portugal) San Juan (Puerto Rico) St. Petersburg (Russland) Castries (St. Lucia) Stockholm (Schweden) Singapur (Singapur) Ibiza (Balearische Inseln, Spanien)Málaga (Spanien)Barcelona (Spanien)Palma (Mallorca, Balearische Inseln)Valencia (Spanien)Teneriffa (Kanarische Inseln, Spanien)Arrecife (Lanzarote, Kanaren)Cádiz (Spanien) Colombo (Sri Lanka) Basseterre (St. Kitts, St. Kitts und Nevis) Durban (Südafrika)Kapstadt (Südafrika) Busan (Südkorea) Longyearbyen (Spitzbergen, Svalbard) Phuket (Thailand)Laem Chabang / Bangkok (Thailand) La Goulette / Tunis (Tunesien) Kusadasi / Ephesus (Türkei)Antalya (Türkei)Istanbul (Türkei) Montevideo (Uruguay) Port Canaveral / Orlando (Florida, USA)New Orleans (Louisiana, USA)Honolulu (Oahu, Hawaii, USA)Miami (Florida, USA)Fort Lauderdale (Florida, USA)Whittier / Anchorage (Alaska, USA)Seward / Anchorage (Alaska, USA)Seattle (Washington, USA)Los Angeles (Kalifornien, USA)Cape Liberty / New York (New Jersey, USA)Baltimore (Maryland, USA) Abu Dhabi (VAE)Dubai (VAE) Halong-Bucht (Vietnam) beliebig Alexandria (Ägypten)Safaga (Ägypten)Sharm El Sheikh (Ägypten)Suezkanal (Ägypten) Frederiksted (St. Croix, US Jungferninseln)Charlotte Amalie (St. Thomas, US Jungferninseln)Frederiksted (St. Croix, US Jungferninseln) Antarktische Halbinsel (Antarktis) St. John's (Antigua, Antigua und Barbuda) Buenos Aires (Argentinien)Ushuaia (Feuerland, Argentinien)Buenos Aires (Argentinien) Oranjestad (Aruba) Brisbane (Queensland, Australien)Fremantle / Perth (Western Australia, Australien)Sydney (New South Wales, Australien)Fremantle / Perth (Western Australia, Australien)Brisbane (Queensland, Australien)Sydney (New South Wales, Australien) Nassau (New Providence, Bahamas) Bridgetown (Barbados) Brussel / Bruxelles (Brüssel, Belgien)Zeebrugge (Flandern, Belgien)Antwerpen (Flandern, Belgien) Belize City (Belize) King's Wharf (Ireland Island, Bermuda) Rio de Janeiro (Brasilien)Salvador da Bahia (Brasilien)Sao Paulo (Sao Paulo, Brasilien)Rio de Janeiro (Brasilien) Road Town (Tortola, UK Jungferninseln) Kap Hoorn (Chile)Osterinsel (Chile)Valparaíso / Santiago de Chile (Chile)Magellanstraße (Chile)Valparaíso / Santiago de Chile (Chile)Osterinsel (Chile) Tianjin Xingang / Peking (China)Hongkong (China)Tianjin Xingang / Peking (China)Shanghai (China)Tianjin Xingang / Peking (China)Hongkong (China) Rarotonga (Cookinseln) Puntarenas (Costa Rica) Esbjerg (Dänemark)Kopenhagen (Dänemark) Hamburg (Deutschland)Kiel (Deutschland)Warnemünde (Deutschland)Travemünde (Deutschland)Kiel (Deutschland)Hamburg (Deutschland)Bremerhaven (Deutschland)Hamburg (Deutschland)Kiel (Deutschland)Hamburg (Deutschland)Helgoland (Deutschland) Roseau (Dominica) Santo Domingo (Dominikanische Republik) Tallinn (Estland) Port Stanley (East Falkland, Falklandinseln) Tórshavn (Färöer, Dänemark) Lautoka (Viti Levu, Fidschi) Helsinki (Finnland) Marseille (Frankreich)Nizza (Frankreich)Villefranche-sur-Mer (Frankreich)Nizza (Frankreich)Marseille (Frankreich)Le Havre (Frankreich)Nizza (Frankreich) Bora Bora (Franz.-Polynesien)Moorea (Franz.-Polynesien)Bora Bora (Franz.-Polynesien) Gibraltar (Gibraltar) St. George's (Grenada) Mykonos (Griechenland)Iraklio (Kreta, Griechenland)Patmos (Griechenland)Rhodos (Griechenland)Piräus / Athen (Griechenland)Katákolon / Olympia (Griechenland)Santorini (Griechenland)Katákolon / Olympia (Griechenland)Korfu (Griechenland)Piräus / Athen (Griechenland)Rhodos (Griechenland)Patmos (Griechenland)Iraklio (Kreta, Griechenland)Mykonos (Griechenland)Piräus / Athen (Griechenland) Kangerlussuaq / Søndre Strømfjord (Grönland) Newcastle upon Tyne (England)Invergordon (Schottland)Southampton (England)St. Peter Port (Guernsey, Kanalinseln)Kirkwall (Orkney, Schottland)Dover (England)Harwich (England)Southampton (England)Newcastle upon Tyne (England)Southampton (England) Pointe-à-Pitre (Guadeloupe) Puerto Quetzal (Guatemala) Labadee (Haiti) Mumbai / Bombay (Maharashtra, Indien)Goa (Indien)Kochi / Cochin (Kerala, Indien)Mumbai / Bombay (Maharashtra, Indien)Kochi / Cochin (Kerala, Indien)Goa (Indien) Bali (Indonesien) Dublin (Irland) Reykjavik (Island) Neapel (Italien)Genua (Italien)Civitavecchia / Rom (Italien)Capri (Italien)Livorno / Florenz/Pisa (Italien)Savona (Italien)Venedig (Italien)Portoferraio (Elba, Italien)Amalfi (Italien)Venedig (Italien)Bari (Italien)Savona (Italien)Livorno / Florenz/Pisa (Italien)Capri (Italien)Sorrento (Italien)Civitavecchia / Rom (Italien)Genua (Italien)Neapel (Italien)Portoferraio (Elba, Italien)Genua (Italien)Savona (Italien)Venedig (Italien)Savona (Italien)Genua (Italien)Civitavecchia / Rom (Italien) Ocho Rios (Jamaika) Yokohama (Honshū, Japan)Tokio (Honshū, Japan)Yokohama (Honshū, Japan)Kobe (Honshū, Japan)Osaka (Honshū, Japan)Nagasaki (Kyūshū, Japan)Osaka (Honshū, Japan)Kobe (Honshū, Japan)Yokohama (Honshū, Japan)Tokio (Honshū, Japan) George Town (Grand Cayman, Kaimaninseln) Québec (Québec, Kanada)Victoria (British Columbia, Kanada)Vancouver (British Columbia, Kanada)Québec (Québec, Kanada) Mindelo (Sao Vicente, Kap Verde) Cartagena (Kolumbien) Dubrovnik (Kroatien)Split (Kroatien) Havanna (Kuba) Riga (Lettland) Beirut (Libanon) Kelang / Kuala Lumpur (Malaysia) Male (Malediven) Malta (Malta) Tanger (Marokko)Casablanca (Marokko)Tanger (Marokko) Fort-de-France (Martinique) Port Louis (Mauritius) Playa del Carmen (Yucatán, Mexiko)Cozumel (Quintana Roo, Mexiko)Playa del Carmen (Yucatán, Mexiko)Acapulco (Guerrero, Mexiko) Auckland (Neuseeland)Tauranga (Neuseeland)Fjordland National Park (Neuseeland)Auckland (Neuseeland) Rotterdam (Niederlande)Amsterdam (Niederlande)Rotterdam (Niederlande)Amsterdam (Niederlande) St. Maarten (St. Maarten)Curacao (Curacao)St. Maarten (St. Maarten)Curacao (Curacao) Honningsvåg (Nordkap, Norwegen)Tromsø (Norwegen)Trondheim (Norwegen)Bergen (Norwegen)Ålesund (Norwegen)Oslo (Norwegen) Maskat / Muscat (Oman) Callao / Lima (Peru) Gdansk / Danzig (Polen) Lissabon (Portugal) San Juan (Puerto Rico) St. Petersburg (Russland) Castries (St. Lucia) Stockholm (Schweden) Singapur (Singapur) Ibiza (Balearische Inseln, Spanien)Málaga (Spanien)Barcelona (Spanien)Palma (Mallorca, Balearische Inseln)Barcelona (Spanien)Málaga (Spanien)Ibiza (Balearische Inseln, Spanien)Valencia (Spanien)Teneriffa (Kanarische Inseln, Spanien)Arrecife (Lanzarote, Kanaren)Málaga (Spanien)Barcelona (Spanien)Palma (Mallorca, Balearische Inseln)Cádiz (Spanien)Barcelona (Spanien)Arrecife (Lanzarote, Kanaren)Teneriffa (Kanarische Inseln, Spanien) Colombo (Sri Lanka) Basseterre (St. Kitts, St. Kitts und Nevis) Durban (Südafrika)Kapstadt (Südafrika) Busan (Südkorea) Longyearbyen (Spitzbergen, Svalbard) Phuket (Thailand)Laem Chabang / Bangkok (Thailand) La Goulette / Tunis (Tunesien) Kusadasi / Ephesus (Türkei)Antalya (Türkei)Istanbul (Türkei)Antalya (Türkei)Kusadasi / Ephesus (Türkei)Istanbul (Türkei)Antalya (Türkei) Montevideo (Uruguay) Port Canaveral / Orlando (Florida, USA)New Orleans (Louisiana, USA)Honolulu (Oahu, Hawaii, USA)Miami (Florida, USA)Fort Lauderdale (Florida, USA)New Orleans (Louisiana, USA)Whittier / Anchorage (Alaska, USA)Seward / Anchorage (Alaska, USA)Seattle (Washington, USA)Fort Lauderdale (Florida, USA)Los Angeles (Kalifornien, USA)Cape Liberty / New York (New Jersey, USA)Fort Lauderdale (Florida, USA)Miami (Florida, USA)Baltimore (Maryland, USA)Seattle (Washington, USA)Los Angeles (Kalifornien, USA)Honolulu (Oahu, Hawaii, USA)Seattle (Washington, USA)Miami (Florida, USA)Fort Lauderdale (Florida, USA)Los Angeles (Kalifornien, USA)Cape Liberty / New York (New Jersey, USA) Abu Dhabi (VAE)Dubai (VAE)Abu Dhabi (VAE) Halong-Bucht (Vietnam) beliebig Luxor (Ägypten) Antwerpen (Flandern, Belgien) Manaus (Amazonas, Brasilien) Rousse (Bulgarien) Bernkastel-Kues (Deutschland)Regensburg (Deutschland)Passau (Deutschland)Frankfurt am Main (Deutschland)Düsseldorf (Deutschland)Kehl (Deutschland)Bernkastel-Kues (Deutschland)Rüdesheim (Deutschland)Köln (Deutschland)Koblenz (Deutschland)Würzburg (Deutschland)Frankfurt am Main (Deutschland)Meißen (Deutschland)Dresden (Deutschland) Avignon (Frankreich)Lyon (Frankreich)Avignon (Frankreich) Venedig (Italien) Amsterdam (Niederlande)Rotterdam (Niederlande)Amsterdam (Niederlande) Wien (Österreich)Melk (Österreich)Linz (Österreich) Moskau (Russland) Basel (Schweiz) Bratislava (Slowakei) Budapest (Ungarn) New Orleans (Louisiana, USA) Reederei beliebig Azamara Crystal Cruises Disney e-hoi hin & weg Hapag-Lloyd Cruises Oceania Cruises Paul Gauguin Cruise.. PONANT Princess Cruises Regent Seven Seas Sea Cloud Cruises Seabourn SeaTravel Silversea Star Clippers Stars del Mar TUI Cruises Vista Travel beliebig A-ROSA e-hoi hin & weg Schiff beliebig Adventure of the Seas Allure of the Seas Azamara Journey Azamara Pursuit Azamara Quest Caribbean Princess Carnival Legend Coral Princess Crown Princess Crystal Esprit Crystal Serenity Crystal Symphony Diamond Princess Disney Dream Emerald Princess Golden Princess Grand Princess Insignia Island Princess Jewel of the Seas L'Austral Le Boréal Le Bougainville Le Champlain Le Dumont d'Urville Le Lapérouse Le Lyrial Le Ponant Le Soléal Majestic Princess Marina Mein Schiff 1 Mein Schiff 2 Mein Schiff 3 Mein Schiff 4 Mein Schiff 5 Mein Schiff 6 MS BREMEN MS EUROPA MS EUROPA 2 MS HANSEATIC MSC Divina MSC Fantasia MSC Magnifica MSC Opera MSC Preziosa Nautica Navigator of the Seas Neue Mein Schiff 1 Neue Mein Schiff 2 Norwegian Breakaway Norwegian Jade Norwegian Star Norwegian Sun Ovation of the Seas Pacific Princess Paul Gauguin Regal Princess Regatta Riviera Royal Clipper Royal Princess Ruby Princess Sapphire Princess Sea Cloud Sea Cloud II Sea Princess Seabourn Encore Seabourn Odyssey Seabourn Ovation Seabourn Quest Seabourn Sojourn Seven Seas Explorer Seven Seas Mariner Seven Seas Navigator Seven Seas Voyager Silver Cloud Expedition Silver Discoverer Silver Explorer Silver Galapagos Silver Muse Silver Shadow Silver Spirit Silver Whisper Silver Wind Sirena Star Clipper Star Flyer Star Princess Sun Princess Voyager of the Seas beliebig Adventure of the Seas Allure of the Seas Azamara Journey Azamara Pursuit Azamara Quest Caribbean Princess Carnival Legend Coral Princess Crown Princess Crystal Esprit Crystal Esprit Crystal Serenity Crystal Serenity Crystal Symphony Crystal Symphony Crystal Symphony Diamond Princess Disney Dream Emerald Princess Golden Princess Golden Princess Grand Princess Insignia Island Princess Jewel of the Seas L'Austral Le Boréal Le Bougainville Le Champlain Le Dumont d'Urville Le Lapérouse Le Lyrial Le Ponant Le Soléal Majestic Princess Marina Marina Mein Schiff 1 Mein Schiff 2 Mein Schiff 2 Mein Schiff 3 Mein Schiff 4 Mein Schiff 5 Mein Schiff 6 Mein Schiff 6 Mein Schiff 6 MS BREMEN MS EUROPA MS EUROPA 2 MS EUROPA 2 MS HANSEATIC MSC Divina MSC Fantasia MSC Magnifica MSC Opera MSC Preziosa Nautica Navigator of the Seas Neue Mein Schiff 1 Neue Mein Schiff 1 Neue Mein Schiff 2 Norwegian Breakaway Norwegian Jade Norwegian Star Norwegian Sun Ovation of the Seas Pacific Princess Paul Gauguin Regal Princess Regatta Regatta Riviera Riviera Royal Clipper Royal Princess Ruby Princess Sapphire Princess Sapphire Princess Sea Cloud Sea Cloud II Sea Princess Seabourn Encore Seabourn Odyssey Seabourn Ovation Seabourn Quest Seabourn Sojourn Seven Seas Explorer Seven Seas Explorer Seven Seas Mariner Seven Seas Mariner Seven Seas Navigator Seven Seas Voyager Silver Cloud Expedition Silver Cloud Expedition Silver Discoverer Silver Explorer Silver Galapagos Silver Muse Silver Muse Silver Shadow Silver Shadow Silver Spirit Silver Whisper Silver Whisper Silver Wind Sirena Sirena Star Clipper Star Flyer Star Princess Sun Princess Voyager of the Seas beliebig A-ROSA AQUA A-ROSA BELLA A-ROSA BRAVA A-ROSA DONNA A-ROSA FLORA A-ROSA LUNA A-ROSA MIA A-ROSA RIVA A-ROSA SILVA A-ROSA STELLA A-ROSA VIVA beliebig A-ROSA AQUA A-ROSA BELLA A-ROSA BRAVA A-ROSA DONNA A-ROSA FLORA A-ROSA LUNA A-ROSA MIA A-ROSA RIVA A-ROSA SILVA A-ROSA STELLA A-ROSA VIVA Größe beliebig < 250 Passagiere 250 - 800 Passagiere 800 - 1500 Passagiere 1500 - 2500 Passagiere > 2500 Passagiere inklusive Flug Angebote finden Kreuzfahrt Angebote Paradies auf Erden Paul Gauguin (Info) 13 Tage Südsee ab 5.063 € p.P. Erlebnis Panamakanal Le Boréal (Info) 14 Tage Panamakanal u. Südamerika ab 5.010 € p.P. Indonesische Inselträume Star Clipper (Info) 16 Tage Asien ab 1.199 € p.P. Kreuzfahrt Empfehlungen Abenteuer Alaska Regatta (Info) 11 Tage Alaska ab 2.999 € p.P. Indian Summer Deluxe Seven Seas Mariner (Info) 11 Tage Neuengland ab 7.679 € p.P. Inselperlen der Karibik Silver Muse (Info) 16 Tage Karibik ab 6.599 € p.P. Top-Reedereien Hapag-Lloyd Cruises Silversea Seabourn Sea Cloud Cruises Oceania Cruises Princess Cruises Top-Schiffe MS EUROPA 2 Seabourn Quest Silver Spirit Sea Cloud II MS EUROPA Azamara Journey Riviera Crystal Serenity Queen Mary 2 Top-Fahrgebiete Mittelmeer Karibik Asien Ostsee Südamerika Transatlantik Nordland Südsee Australien Orient u. Emirate Exklusiv und handverlesen - das Angebot von BELLEVUE Kreuzfahrten BELLEVUE Kreuzfahrten verfügt über ein umfangreiches Portfolio an Luxuskreuzfahrten mit handverlesenen Reedereien. Kreuzfahrten auf einem großen Luxusschiff der exklusiven Kreuzfahrt-Unternehmen wie Silversea oder Seabourn Cruises versprechen ein umfangreiches Unterhaltungs- und Verwöhnprogramm, sowie ausgewählte Landausflüge zu den schönsten Orten der Welt. Persönlicher Service und Privatsphäre haben höchste Priorität an Bord der Luxusliner, welche jegliche Häfen rund um den Globus ansteuern, wobei vor allem auf Exklusivität wert gelegt wird. Ein außergewöhnliches Urlaubserlebnis versprechen Kreuzfahrten mit dem Segelschiff, welche von Reedereien wie Sea Cloud Cruises oder Compagnie du Ponant bei BELLEVUE Kreuzfahrten angeboten werden. An Bord eines Viermasters die Welt entdecken und dabei auf keinerlei Komfort und Luxus verzichten zu müssen, ist eine absolute Besonderheit, der nicht jeder zuteil wird. BELLEVUE Kreuzfahrten garantiert seinen Kunden ein Maximum an Komfort und exquisiten Leistungen an Bord der Kreuzfahrtschiffe. Der europäische Sommer begünstigt vor allem Kreuzfahrten im Mittelmeer. Antike Städte und abgelegene Buchten sind Ziel für Luxuskreuzfahrten auf edlen Kreuzfahrtschiffen. Für den Winter empfehlen sich vor allem ausgewählte Schiffsreisen in die Karibik oder Luxuskreuzfahrten durch die Südsee, wo nicht selten Halt auf einer der Privatinseln der Luxusreedereien gemacht wird. Bei BELLEVUE Kreuzfahrten können Kunden passend zur Kreuzfahrt einen geeigneten Flug in die Fernreiseziele buchen, sodass keinerlei weiterer Aufwand entsteht und die Reisenden entspannt der Hochseekreuzfahrt entgegen sehen können. Rund 20 Reedereien bieten ihre qualitativ hochwertigen Reisen auf BELLEVUE Kreuzfahrten an. Kunden können zwischen knapp 120 verschiedenen Luxusschiffen wählen, welche sehr edel ausgestattet sind und auf denen persönlicher Service oberste Priorität hat. Bei einer Luxuskreuzfahrt können sich Kunden während eines Kurztrips verwöhnen lassen, während andere mit den Luxuslinern um die ganze Welt reisen und während mehrerer Monate auf See die Exklusivität an Bord genießen. BELLEVUE Kreuzfahrten bietet sowohl Weltreisen, als auch kürzere Flusskreuzfahrten an. In dem facettenreichen Angebot wird für jeden Gast die passende Luxuskreuzfahrt zu finden sein. Impressum Rechtliche Hinweise Sitemap "
20,berentzenshop.de," Der Berentzen Onlineshop Sehr gut4.86/5.00Zertifiziert seit 25.01.2017×Zertifizierter Shop Bist du 18? Gib hier Dein Geburtsdatum ein 1 2 3 4 5 6 7 8 9 10 11 12 13 14 15 16 17 18 19 20 21 22 23 24 25 26 27 28 29 30 31 1 1 2 3 4 5 6 7 8 9 10 11 12 1 1900 1901 1902 1903 1904 1905 1906 1907 1908 1909 1910 1911 1912 1913 1914 1915 1916 1917 1918 1919 1920 1921 1922 1923 1924 1925 1926 1927 1928 1929 1930 1931 1932 1933 1934 1935 1936 1937 1938 1939 1940 1941 1942 1943 1944 1945 1946 1947 1948 1949 1950 1951 1952 1953 1954 1955 1956 1957 1958 1959 1960 1961 1962 1963 1964 1965 1966 1967 1968 1969 1970 1971 1972 1973 1974 1975 1976 1977 1978 1979 1980 1981 1982 1983 1984 1985 1986 1987 1988 1989 1990 1991 1992 1993 1994 1995 1996 1997 1998 1999 2000 2001 2002 2003 2004 2005 2006 2007 2008 2009 2010 2011 2012 2013 2014 2015 2016 2017 2017 Berentzen setzt sich für den verantwortungsbewussten Umgang mit Alkohol ein. Bitte bestätige, dass Du mindestens 18 Jahre alt bist. Es wurde festgestellt, dass Cookies in Ihrem Browser deaktiviert sind. Um Der Berentzen Onlineshop in vollem Umfang nutzen zu können, empfehlen wir Ihnen, Cookies in Ihrem Browser zu aktiveren. Um Der Berentzen Onlineshop in vollem Umfang nutzen zu können, empfehlen wir Ihnen Javascript in Ihrem Browser zu aktiveren. Der Berentzen Onlineshop Der Berentzen Onlineshop The Berentzen Onlineshop Der Berentzen Onlineshop echt sicherer Versand echt schneller Versand echt günstig versandkostenfrei ab 45€ innerhalb DE Menü Suchen Suchen Mein Konto Warenkorb 0 0,00 € * HomeBerentzenPuschkinweitere MarkenNach Geschmack  Zur Kategorie Berentzen Aperitif Apple Bourbon Der Kräuter Fruchtige Ice Mint Kornvarianten Minis aus PET & Glas Spice Apple 3 Liter Varianten / Magnumflaschen Yoghurt Creamer Zubehör Zur Kategorie Puschkin Flavour Magnumflaschen Vodka Zubehör Zur Kategorie weitere Marken Bommerlunder Creamer's Dirty Harry Doornkaat Double Q Whisky Echt Stonsdorfer Hansen Rum John Medley's Polar Schröder's Alte Liebe Springer Urvater Strothmann Vivaris Winkelhausen Weinbrand Zubehör Zur Kategorie Nach Geschmack Apfel Erdbeere Exotisch Fruchtig Gin Korn Kirsche Kräuter Lakritz Minze Nussig Pflaume Rum Sahnig Vodka Waldmeister Weinbrand Whiskey/Brandy Premium Doppelkorn Fruchtige Sonderabfüllungen Cocktailvideos +49-541 600 15 30 (Mo. - Fr. von 9:00-17:00 Uhr) Zwischen den Feiertagen: 10:00-16:00 Uhr Menü schließen Der Berentzen Onlineshop Der Berentzen Onlineshop The Berentzen Onlineshop Der Berentzen Onlineshop Kategorien Berentzen (138) Puschkin (22) weitere Marken (69) Nach Geschmack (34) Informationen Echt sichere Verpackung Führungen & Touren Häufig gestellte Fragen Hofladen Verantwortungsvoller Genuss Kontakt Zahlung & Versand Widerrufsrecht Datenschutz AGB Impressum Unsere Dauerbrenner in diesem Monat 0,00 € * 0,00 € * Apple Bourbon 0,7 l | 28% vol. Für 7,49€ anstatt 8,99€ In die Einkaufskiste Minis Gürtel 24 x 0,02 l | 15-18% vol. Für 11,19€ JETZT ANSEHEN Cranberry Aperitif 0,7 l | 15% vol. Für 6,69€ JETZT ANSEHEN Spice Apple 0,7 l | 28% vol. Für 8,99€ Zeig mir das Produkt 1 2 3 4 Apple Bourbon 0,7 l | 28% vol. Für 7,49€ anstatt 8,99€ In die Einkaufskiste Minis Gürtel 24 x 0,02 l | 15-18% vol. Für 11,19€ JETZT ANSEHEN Spice Apple 0,7 l | 28% vol. Für 8,99€ Zeig mir das Produkt Cranberry Aperitif 0,7 l | 15% vol. Für 6,69€ JETZT ANSEHEN 1 2 3 4 5 Apple Bourbon 0,7 l | 28% vol. Für 7,49€ anstatt 8,99€ ansehen Minis Gürtel 24 x 0,02 l | 15-18% vol. Für 11,19€ JETZT ANSEHEN Spice Apple 0,7 l | 28% vol. Für 7,49€ anstatt 8,99€ jetzt ansehen 1 2 3 4 5 Apple Bourbon 0,7 l | 28% vol. Für 7,49€ anstatt 8,99€ In die Einkaufskiste Minis Gürtel 24 x 0,02 l | 15-18% vol. Für 11,19€ JETZT ANSEHEN Cranberry Aperitif 0,7 l | 15% vol. Für 6,69€ JETZT ANSEHEN Spice Apple 0,7 l | 28% vol. Für 8,99€ Zeig mir das Produkt 1 2 3 4 5 Apple Bourbon 0,7 l | 28% vol. Für 7,49€ anstatt 8,99€ Zeig mir das Produkt Minis Gürtel 24 x 0,02 l | 15-18% vol. Für 11,19€ JETZT ANSEHEN Cranberry Aperitif 0,7 l | 15% vol. Für 6,69€ JETZT ANSEHEN Spice Apple 0,7 l | 28% vol. Für 8,99€ Zeig mir Spice Apple 1 2 3 4 5 Ab 45€ versandkostenfrei bestellen in Deutschland - Lieferzeit ca. 3-4 Werktage KNALLERANGEBOT Berentzen WinterApfel, 18% vol, 0,7 l KNALLERANGEBOT Berentzen WinterApfel, 18% vol, 0,7 l KNALLERANGEBOT Berentzen WinterApfel, 18% vol, 0,7 l Ab 45 € versandkostenfrei bestellen in Deutschland - Lieferzeit ca. 2-3 Werktage KNALLERANGEBOT Berentzen WinterApfel, 18% vol, 0,7 l Ab 45 € versandkostenfrei bestellen in Deutschland - Lieferzeit ca. 2-3 Werktage Unsere Marken Ab 45 € versandkostenfrei bestellen in Deutschland - Lieferzeit ca. 2-3 Werktage Diese Dauerbrenner wurden am meisten gekauft KNALLERANGEBOT Berentzen WinterApfel, 18% vol, 0,7 l Diese Dauerbrenner werden am meisten gekauft Ab 45 € versandkostenfrei bestellen in Deutschland - Lieferzeit ca. 2-3 Werktage Berentzen WinterApfel, 18% vol, 0,7 l Inhalt 0.7 Liter (9,27 € / 1 Liter) 6,49 € * 7,69 € * Puschkin Nuts & Nougat, 17,5% vol, 0,7 l Inhalt 0.7 Liter (8,56 € / 1 Liter) 5,99 € * 7,19 € * Berentzen WinterApfel, 18% vol, 0,7 l Inhalt 0.7 Liter (9,27 € / 1 Liter) 6,49 € * 7,69 € * Puschkin Nuts & Nougat, 17,5% vol, 0,7 l Inhalt 0.7 Liter (8,56 € / 1 Liter) 5,99 € * 7,19 € * Strothmann Weizenkorn, 32% vol, 0,7 l Inhalt 0.7 Liter (9,27 € / 1 Liter) 6,49 € * Berentzen Traditionskorn, 32% vol, 0,7 l Inhalt 0.7 Liter (9,41 € / 1 Liter) 6,59 € * Echt Stonsdorfer, 32% vol, 0,7 l Inhalt 0.7 Liter (13,27 € / 1 Liter) 9,29 € * Berentzen Minis Gürtel, 24 x 0,02 l PET Inhalt 0.48 Liter (23,31 € / 1 Liter) 11,19 € * Hansen Präsident, 42% vol, 0,7 l Inhalt 0.7 Liter (14,70 € / 1 Liter) 10,29 € * Springer Urvater, 28% vol, 0,7 l Inhalt 0.7 Liter (9,27 € / 1 Liter) 6,49 € * Bommerlunder Pflaumen + Piekser Inhalt 350 Gramm (0,71 € / 100 Gramm) 2,49 € * Berentzen WinterApfel, 18% vol, 0,7 l Inhalt 0.7 Liter (9,27 € / 1 Liter) 6,49 € * 7,69 € * Puschkin Nuts & Nougat, 17,5% vol, 0,7 l Inhalt 0.7 Liter (8,56 € / 1 Liter) 5,99 € * 7,19 € * Berentzen WinterApfel, 18% vol, 0,7 l Inhalt 0.7 Liter (9,27 € / 1 Liter) 6,49 € * 7,69 € * Puschkin Nuts & Nougat, 17,5% vol, 0,7 l Inhalt 0.7 Liter (8,56 € / 1 Liter) 5,99 € * 7,19 € * Berentzen WinterApfel, 18% vol, 0,7 l Inhalt 0.7 Liter (9,27 € / 1 Liter) 6,49 € * 7,69 € * Puschkin Nuts & Nougat, 17,5% vol, 0,7 l Inhalt 0.7 Liter (8,56 € / 1 Liter) 5,99 € * 7,19 € * Am 29.12.2016 letzter Versand vor Silvester Berentzen Lemon Twist 15% vol, 0,7 l Inhalt 0.7 Liter (9,56 € / 1 Liter) 6,69 € * Berentzen Appletini 17,5% vol, 0,5 l Inhalt 0.5 Liter (13,38 € / 1 Liter) 6,69 € * Puschkin Moscow Mule 17,5% vol, 0,7 l Inhalt 0.7 Liter (10,27 € / 1 Liter) 7,19 € * Puschkin Cinnamon 17,5% vol, 0,7 l Inhalt 0.7 Liter (10,27 € / 1 Liter) 7,19 € * Die neuen Innovationen Berentzen Hof Destillerie TIPP! Berentzen Korn2Korn 38% vol, 0,05 l Inhalt 0.05 Liter (49,80 € / 1 Liter) 2,49 € * TIPP! Berentzen Korn2Korn 38% vol, 0,7 l Inhalt 0.7 Liter (42,84 € / 1 Liter) 29,99 € * Unser Korn2Korn im Berentzenonlineshop front berentzen.de berentzen-hof.de berentzen-gruppe.de bequem zahlen Vorkasse MasterCard PayPal Visa schneller versand to top Service Hotline Telefonische Unterstützung und Beratung unter:+49 541 600 15 30Mo-Fr, 09:00 - 17:00 Uhr. Zwischen den Feiertagen telefonisch zu erreichen von 10:00-16:00 Uhr. Rechtliche Informationen Jugendschutz Online Streitschlichtungsplattform Kontakt Zahlung & Versand Rückgabe Widerrufsrecht Datenschutz Widerrufsformular AGB Impressum Oft gesucht Berentzen App Echt sichere Verpackung Häufig gestellte Fragen Hofladen Verantwortungsvoller Genuss Newsletter Berentzen Flaschenpost: Echte Schnäppchen, echte Neuigkeiten und echt viele Ideen. Newsletter abonnieren * Alle Preise inkl. gesetzl. Mehrwertsteuer zzgl. Versandkosten. Echt sichere Verpackung Führungen & Touren Häufig gestellte Fragen Hofladen Verantwortungsvoller Genuss Kontakt Zahlung & Versand Widerrufsrecht Datenschutz AGB Impressum Copyright © Berentzen Shop - Alle Rechte vorbehalten Zertifikat prüfenKäuferschutzbedingungenAlle Bewertungen Impressum Datenschutz+Maximieren×SchließenSehr gut4.86/5.00Zertifizierter ShopZertifikat prüfenKäuferschutzbedingungenAlle Bewertungen Impressum Datenschutz–Minimierenberentzenshop.de×KäuferschutzSie können sich nach dem Einkauf für die kostenlose Trusted Shops Mitgliedschaft Basic anmelden, inkl. Käuferschutz bis je 100 € für den aktuellen Einkauf sowie für Ihre weiteren Einkäufe in deutschen Shops mit dem Trusted Shops Gütesiegel.Mit Trusted Shops PLUS (inkl. Garantie) werden Ihre Einkäufe sogar bis je 20.000 € durch den Käuferschutz (inkl. Garantie) abgesichert, für 9,90 € pro Jahr inkl. MwSt. bei einer Mindestvertragslaufzeit von 1 Jahr. Die Absicherungsdauer des Käuferschutzes pro Einkauf beträgt in beiden Fällen 30 Tage.Es gelten die Mitgliedschafts- und Käuferschutzbedingungen.Zertifiziertseit 25.01.2017Käuferschutzbis zu 20.000 €×KundenbewertungenDie Note „Sehr gut“ berechnet sich aus den 455 Trusted Shops Bewertungen der letzten 12 Monate, die im Bewertungsprofil eingesehen werden können.455KundenbewertungenSehr gut4.86/5.00jürgen s22.10.2017--super schnelle Lieferung-Ware ist wie immer super-der telef.-Service ist 1+ ------ bleit so wie ihr seit----einfach tolllll J.S.Reiner S27.06.2017alles bestens, gerne wiederGudrun B09.03.2017Habe zum ersten mal bestell. Ging schellen und wurde auch schnell geliefert. Werde bestimmt wieder bestellen."
21,bergfest.de," Bergfest | Bergans Shop mit 10% Kunden-Rabatt und kostenlosem Versand & Retoure! Support & Bestellung: 0049 9421 7039055 | Ihr Konto | Zur Kasse | Anmelden | erweiterte Suche % Sale % Ausrüstung Klettern Bekleidung Damen Bekleidung Herren Schuhe Kategorien % Sale % Ausrüstung Klettern Bekleidung Damen Bekleidung Herren Schuhe Willkommen zurück E-Mail-Adresse Passwort Passwort vergessen? Informationen Lieferinformationen Privatsphäre und Datenschutz Unsere AGB Impressum Kontakt Widerrufsbelehrung Top Artikel Hanwag Shoe Wax exkl. 19 % USt zzgl. Versandkosten Hanwag Care Sponge exkl. 19 % USt zzgl. Versandkosten Hanwag Waterproofing exkl. 19 % USt zzgl. Versandkosten Willkommen bei BERGFEST.de Servus lieber Besucher, wir heißen Sie herzlich Willkommen auf unserem neuen Onlineshop - bergfest.de. Aktuell befinden wir uns noch in der ""Umbauphase"", in wenigen Tagen wird aber nach und nach alles vollzogen sein und Ihnen der volle Umfang unseres neuen Onlineshops zur Verfügung stehen. Unser ""alter"" Shop, berg-fest.com, wird noch eine gewisse Zeit zur Verfügung stehen. Sie können sich wie gewohnt einloggen, nach Ihren Bestellungen schauen und auch noch neue Bestellungen aufgeben. In den nächsten Wochen wird der Shop von berg-fest.com dann komplett auf unsere neue Domain - bergfest.de umgestellt. Wir wünschen Ihnen eine gute Zeit und falls Sie Fragen haben....einfach wie gewohnt bei uns melden! Liebe Grüße, Ihr Team von bergfest.de Informationen Lieferinformationen Privatsphäre und Datenschutz Unsere AGB Impressum Kontakt Widerrufsbelehrung Inhalt Über uns Hersteller Hersteller wählen Bergans of Norway Hanwag Vaude Zahlungsweisen: xt:Commerce 4.2.00 Start! Edition © 2017 xt:Commerce "
22,bergsports.de," Die Startseite von bergsports.de | bergsports.de Sehr gut4.67/5.00Zertifiziert seit 21.12.2017×Zertifizierter Shop Um bergsports.de in vollem Umfang nutzen zu können, empfehlen wir Ihnen Javascript in Ihrem Browser zu aktiveren. Menü Warenkorb 0 Mein Konto Menü schließen Kundenkonto Anmelden oder registrieren Nach der Anmeldung, können Sie hier auf Ihren Kundenbereich zugreifen. Service/Hilfe Händler-Login Newsletter Hilfe / Support Kontakt Versand und Zahlungsbedingungen Widerrufsrecht Datenschutz AGB Impressum Suchen Unsere HighlightsSportuhren-AngeboteBekleidungAusrüstungSchuheOutletAktionen Zur Kategorie Unsere Highlights Zur Kategorie Sportuhren-Angebote Zur Kategorie Bekleidung Herrenbekleidung Shirts und Pullis Hosen Funktionsunterwäsche Fleece Jacken und Westen Damenbekleidung Shirts und Pullis Hosen Funktionsunterwäsche Jacken und Westen Accessoires Handschuhe Sonnenbrillen Socken Mützen Uhren Snow Goggle Textilpflege Outdoor Bekleidung bei bergsports.de Sie sollten sich den Tag nicht durch schlechtes Wetter vermiesen lassen! Bei Bergsports finden Sie zu jeder Witterungslage die passende Kleidung. Gute Funktionsbekleidung gibt es schließlich für jede... mehr erfahren Zur Kategorie Ausrüstung Camping Schlafsäcke Zelte Skitour Felle ( skin ) Skitourstöcke Bindung Tourenskischuhe Damen Tourenski Tourenskischuhe Herren LVS Geräte Alpine Touren Rucksäcke Skitouren 3er-Set Skitouren 2er-Set Lawinenschaufeln u. Pickel Tuning - Tools - Wax Bergsport Helme Kletterschuhe Kletterzubehör, Bouldern Trekking - Walkingstöcke Powernahrung Gel, Riegel, Getränke Biwaksäcke Stirnlampen Hardware Steigeisen Klettergurte Karabiner Rucksäcke und Taschen Reisetaschen & Trollys Kinderrucksäcke, Kindertragen Bauchtaschen Umhänge- und Foto- Bürotaschen Accessories Daypack Zubehör Bike Rucksäcke Tourenrucksack Trekking / Hiking Alpine Snowboard Snowboardbindung Ski und Snowboard Helme Schneeschuhe Zubehör Freestyle und Freeride Snowboardboots Navigation Navigation Bike Navigation Outdoor Multifunktionsuhr Navigation Karten u. Zubehör GoPro Uhren Zubehör Pulsmesser Fitness Outdoor Ausrüstung bei bergsports.de Oft wird Outdoor Ausrüstung in Verbindung mit Wandern, Bergsteigen und Camping gebracht – aber auch Reisen, Klettern, Rad- und Schwimmsport sowie Freizeitaktivitäten im Grünen zählen dazu. Bergsports... mehr erfahren Zur Kategorie Schuhe Herrenschuhe Expeditionsstiefel Zwiegenäht Wanderschuhe Bergschuhe Approachschuhe Winterschuhe Laufschuhe Damenschuhe Winterschuhe Approachschuhe Bergschuhe Laufschuhe Wanderschuhe Outdoor Schuhe bei bergsports.de Ob Gebirge oder Flachland, Strand oder Stadt – Bergsports bietet Ihnen den richtigen Schuh egal ob zu Fuß oder mit dem Rad, ob sportlich oder ganz entspannt. Ein vielseitiges Sortiment an Outdoor Schuhen... mehr erfahren Zur Kategorie Outlet Bekleidung Herrenbekleidung Damenbekleidung Accessoires Spielzeug Schuhe Herrenschuhe Damenschuhe Kinderschuhe Ausrüstung Snowboard Navigation Camping Skitour Bergsport Rucksäcke und Taschen Zur Kategorie Aktionen 10 Jahre bergsports Aktionen rund um Outdoor bei bergsports.de In unserer kleinen Fundgrube finde Sie zahlreiche reduzierte Produkte aus der gesamten Bergsports Produktpallette. mehr erfahren  Kostenloser Versand ab € 100,- Bestellwert (DE) SSL gesicherter Kauf info@bergsports.de Telefon 09772 932499 Do-Fr, 08:00 - 18:00 Uhr Kategorien Unsere Highlights Sportuhren-Angebote Garmin Fitness Bekleidung Ausrüstung Schuhe Outlet Aktionen Garmin Highlights Suunto Highlights Suunto Highlights Suunto Core Glacier Gray,... Inhalt 1 Stück 269,00 € * Suunto Core Alu Deep Black,... Inhalt 1 Stück 299,00 € * Suunto Core Alu Pure White,... Inhalt 1 Stück 299,00 € * Suunto Core Regular Black - Multifunktionsuhr -... Inhalt 1 Stück 217,50 € * Suunto Core All Black, Multifunktionsuhr Präzision Inhalt 1 Stück 264,99 € * Suunto Elementum Aqua Steel Multifunktionsuhr Inhalt 1 Stück 665,00 € * Suunto Elementum Aqua Black Rubber... Inhalt 1 Stück 545,00 € * Suunto Elementum Terra Steel Inhalt 1 Stück 615,00 € * Suunto Elementum Terra All Black Black Inhalt 1 Stück 519,00 € * Suunto Elementum Terra Black Rubber Inhalt 1 Stück 545,00 € * Suunto Elementum Terra Brown Leather Inhalt 1 Stück 515,00 € * Suunto Elementum Terra Black Rubber Inhalt 1 Stück 539,00 € * Suunto Elementum Terra Black Leather Inhalt 1 Stück 535,00 € * Suunto Ambit Black, integriertes GPS mit... Inhalt 1 Stück 375,00 € * Suunto Ambit Silver, integriertes GPS mit... Inhalt 1 Stück 375,00 € * Suunto Ambit Black HR, integriertes GPS mit... Inhalt 1 Stück 429,00 € * Suunto Elementum Terra Black/Red Leather Inhalt 1 Stück 565,00 € * Suunto Elementum Terra Black/Yellow Leather Inhalt 1 Stück 565,00 € * Suunto M2 Women Fuchsia Pulsuhr, Herzfrequenz,... Inhalt 1 Stück 89,99 € * Suunto Bike POD, Radsensor für alle T und M... Inhalt 1 Stück 46,99 € * Suunto Movestick Mini, USB Interface,... Inhalt 1 Stück 29,99 € * Suunto Comfort Dual Belt t3c - t6c Inhalt 1 Stück 49,99 € * Suunto Core Brushed Steel Multifunktionuhr Inhalt 1 Stück 448,90 € * 529,00 € * Suunto Ambit3 Run HR lime mit Herzfrequenzmessung Inhalt 1 Stück 268,00 € * Suunto Ambit3 Run lime Inhalt 1 Stück 222,00 € * Suunto Core Glacier Gray,... Inhalt 1 Stück 269,00 € * Suunto Core Alu Deep Black,... Inhalt 1 Stück 299,00 € * Suunto Core Alu Pure White,... Inhalt 1 Stück 299,00 € * Garmin Edge 1000 Bundle Fahrrad-Computer mit GPS Inhalt 1 Stück 458,00 € * 609,00 € * Garmin Edge Touring Fahrrad Navi GPS-Gerät Inhalt 1 Stück 218,00 € * 249,00 € * Garmin Edge Touring Plus Fahrrad Navi GPS-Gerät Inhalt 1 Stück 248,00 € * 299,00 € * Garmin Forerunner 25 Laufen GPS-Uhr -... Inhalt 1 Stück 106,90 € * 129,99 € * Garmin eTrex 20x das Einsteigergerät zum... Inhalt 1 Stück 168,00 € * 199,00 € * Garmin eTrex 30x Wandern GPS-... Inhalt 1 Stück 198,00 € * 249,00 € * Garmin Edge 820 Fahrrad GPS- -Navi - Schwarz Inhalt 1 Stück 313,99 € * 399,99 € * Garmin Edge 820 Bundle Fahrrad GPS- -Navi -... Inhalt 1 Stück 398,99 € * 499,99 € * Garmin Edge Explore 820 - Bike- Fahrradcomputer... Inhalt 1 Stück 313,99 € * Garmin Edge 25 Fahrrad GPS- -Navigationssystem... Inhalt 1 Stück 138,99 € * 169,00 € * Garmin Edge 25 HRM Bundle Fahrrad GPS-... Inhalt 1 Stück 158,99 € * 199,00 € * Garmin Alpenvereinskarten V3 (microSD/SD) - Karte Inhalt 1 Stück 109,00 € * Garmin CityNavigator North America NT - Canada... Inhalt 1 Stück 38,50 € * Garmin CityNavigator NT Mittlerer Osten, Nord... Inhalt 1 Stück 108,00 € * Garmin Edge 1000 Europa Fahrrad-Computer mit GPS Inhalt 1 Stück 427,00 € * 549,00 € * Garmin Edge 520 Worldwide - GPS-Gerät Bike-... Inhalt 1 Stück 238,00 € * 309,00 € * Garmin Edge 520+ Bundle mit Brustgurt... Inhalt 1 Stück 299,00 € * 389,00 € * Garmin eTrex 10 das Einsteigergerät zum... Inhalt 1 Stück 108,00 € * 119,00 € * Garmin eTrex Touch 25 inkl. TopoActive Europa... Inhalt 1 Stück 207,00 € * 249,00 € * Garmin eTrex Touch 35 inkl. TopoActive Europa... Inhalt 1 Stück 247,00 € * 299,00 € * Garmin fenix 3 grau inkl. Hf-Gurt HRM-Run... Inhalt 1 Stück 408,00 € * 529,00 € * Garmin fenix 3 grau Outdoor GPS/GLONASS Uhr Inhalt 1 Stück 368,00 € * 479,00 € * Garmin Forerunner 235 – Schwarz und Marsala-Rot Inhalt 1 Stück 278,50 € * 349,00 € * Garmin Forerunner 25 Laufen GPS-Uhr - Schwarz/Blau Inhalt 1 Stück 106,90 € * 129,99 € * Garmin Forerunner 25 Laufen GPS-Uhr - Schwarz/Rot Inhalt 1 Stück 106,90 € * 129,99 € * Garmin Edge 1000 Bundle Fahrrad-Computer mit GPS Inhalt 1 Stück 458,00 € * 609,00 € * Garmin Edge Touring Fahrrad Navi GPS-Gerät Inhalt 1 Stück 218,00 € * 249,00 € * Suunto Ambit3 Run HR black mit Herzfrequenzmessung Inhalt 1 Stück 242,50 € * Suunto Ambit3 Run black Inhalt 1 Stück 222,00 € * Suunto Ambit3 Run White Inhalt 1 Stück 222,00 € * Suunto Ambit3 Run HR White mit Herzfrequenzmessung Inhalt 1 Stück 268,00 € * Suunto Ambit3 Sport white Inhalt 1 Stück 259,00 € * Suunto Ambit3 Sport HR white mit... Inhalt 1 Stück 329,95 € * Suunto Ambit3 Sport HR coral mit... Inhalt 1 Stück 299,95 € * Suunto Ambit3 Sport coral Inhalt 1 Stück 289,00 € * Suunto Ambit3 Sport blue Inhalt 1 Stück 268,00 € * Suunto Ambit3 Sport HR blue mit... Inhalt 1 Stück 284,95 € * Suunto Ambit3 Sport HR black mit... Inhalt 1 Stück 329,95 € * Suunto Ambit3 Sport black Inhalt 1 Stück 268,00 € * Suunto Ambit3 Sport HR Sapphire mit... Inhalt 1 Stück 397,95 € * Suunto Ambit3 Sport Sapphire Inhalt 1 Stück 384,95 € * Suunto Ambit3 Peak black Inhalt 1 Stück 328,90 € * Suunto Ambit3 Peak HR mit Herzfrequenzmessung Inhalt 1 Stück 397,95 € * Suunto Ambit3 Peak Sapphire HR mit... Inhalt 1 Stück 415,90 € * Suunto Ambit3 Peak Sapphire Inhalt 1 Stück 385,90 € * Suunto Elementum Terra Amber Rubber Inhalt 1 Stück 545,00 € * Suunto Essential Slate Outdoor - Multifunktionsuhr Inhalt 1 Stück 545,00 € * Suunto Essential Stone Outdoor - Multifunktionsuhr Inhalt 1 Stück 545,00 € * Suunto Essential Copper Outdoor -... Inhalt 1 Stück 595,00 € * Suunto Essential Gold Outdoor - Multifunktionsuhr Inhalt 1 Stück 595,00 € * Suunto Essential Steel Outdoor - Multifunktionsuhr Inhalt 1 Stück 575,00 € * Suunto Essential Carbon Outdoor -... Inhalt 1 Stück 595,00 € * Suunto Ambit3 Run HR black mit Herzfrequenzmessung Inhalt 1 Stück 242,50 € * Suunto Ambit3 Run black Inhalt 1 Stück 222,00 € * Suunto Kailash Copper - Automatischer Zeit -... Inhalt 1 Stück 900,00 € * Suunto Kailash Slate - Automatischer Zeit -... Inhalt 1 Stück 900,00 € * Suunto Kailash Carbon - Automatischer Zeit -... Inhalt 1 Stück 900,00 € * Suunto Kailash Silver - Automatischer Zeit -... Inhalt 1 Stück 900,00 € * Suunto Traverse Amber Outdoor - Multifunktionsuhr Inhalt 1 Stück 325,90 € * Suunto Traverse Black Outdoor - Multifunktionsuhr Inhalt 1 Stück 325,90 € * Suunto Traverse White Outdoor - Multifunktionsuhr Inhalt 1 Stück 325,90 € * Suunto Traverse Graphite Outdoor -... Inhalt 1 Stück 325,90 € * Suunto Traverse Slate Outdoor - Multifunktionsuhr Inhalt 1 Stück 391,00 € * Suunto Ambit3 Vertical Lime (HR) Outdoor -... Inhalt 1 Stück 398,00 € * Suunto Ambit3 Vertical Blue (HR) Outdoor -... Inhalt 1 Stück 398,00 € * Suunto Ambit3 Vertical White (HR) Outdoor -... Inhalt 1 Stück 398,00 € * Suunto Ambit3 Vertical Black (HR) Outdoor -... Inhalt 1 Stück 319,00 € * 399,00 € * Suunto Ambit3 Vertical Lime Outdoor -... Inhalt 1 Stück 358,90 € * Suunto Ambit3 Vertical Blue Outdoor -... Inhalt 1 Stück 358,90 € * Suunto Ambit3 Vertical White Outdoor -... Inhalt 1 Stück 398,00 € * Suunto Ambit3 Vertical Black Outdoor -... Inhalt 1 Stück 279,00 € * 349,00 € * Suunto Ambit3 Peak Sapphire Blue (HR) Outdoor -... Inhalt 1 Stück 525,00 € * Suunto Ambit3 Peak Sapphire Blue Outdoor -... Inhalt 1 Stück 398,00 € * Suunto Ambit3 Peak Nepal Edition Outdoor -... Inhalt 1 Stück 319,00 € * Suunto Core Dusk Gray Multifunktionsuhr... Inhalt 1 Stück 268,00 € * 389,00 € * Suunto Core Graphite Crush Multifunktionsuhr... Inhalt 1 Stück 319,00 € * Suunto Core Blue Crush Multifunktionsuhr... Inhalt 1 Stück 319,00 € * Suunto Core White Crush Multifunktionsuhr... Inhalt 1 Stück 255,00 € * 399,00 € * Suunto Core Lime Crush Multifunktionsuhr... Inhalt 1 Stück 244,00 € * Suunto Kailash Copper - Automatischer Zeit -... Inhalt 1 Stück 900,00 € * Suunto Kailash Slate - Automatischer Zeit -... Inhalt 1 Stück 900,00 € * Suunto Core Gray Crush Multifunktionsuhr... Inhalt 1 Stück 249,00 € * Suunto Core Coral Crush Multifunktionsuhr... Inhalt 1 Stück 249,00 € * Suunto Spartan Ultra All Black Titanium HR mit... Inhalt 1 Stück 799,00 € * Suunto Spartan Ultra All Black Titanium... Inhalt 1 Stück 749,00 € * Suunto Spartan Ultra Stealth Titanium... Inhalt 1 Stück 578,00 € * 749,00 € * Suunto Spartan Ultra Black Multisport GPS Uhr Inhalt 1 Stück 474,00 € * 649,00 € * Suunto Spartan Ultra White Multisport GPS Uhr Inhalt 1 Stück 514,00 € * 649,00 € * Suunto Spartan Sport Blue Multisport GPS Uhr Inhalt 1 Stück 324,99 € * 399,00 € * Suunto Spartan Sport Black Multisport GPS Uhr Inhalt 1 Stück 318,99 € * 399,00 € * Suunto Spartan Sport Sakura Multisport GPS Uhr Inhalt 1 Stück 318,99 € * 399,00 € * Suunto Spartan Sport White Multisport GPS Uhr Inhalt 1 Stück 318,99 € * 399,00 € * Suunto Spartan Ultra White HR mit Brustgurt... Inhalt 1 Stück 548,00 € * 699,00 € * Suunto Spartan Sport Blue HR mit Brustgurt... Inhalt 1 Stück 353,99 € * 449,00 € * Suunto Spartan Ultra Black HR mit Brustgurt... Inhalt 1 Stück 519,00 € * 699,00 € * Suunto Spartan Sport White HR mit Brustgurt... Inhalt 1 Stück 353,99 € * 449,00 € * Suunto Spartan Sport Sakura HR mit Brustgurt... Inhalt 1 Stück 355,99 € * 449,00 € * Suunto Spartan Sport Black HR mit Brustgurt... Inhalt 1 Stück 344,00 € * 449,00 € * Suunto Spartan Ultra Stealth Titanium HR mit... Inhalt 1 Stück 609,00 € * 799,00 € * Suunto Spartan Sport Wrist All Black HR WITH BELT Inhalt 1 Stück 438,00 € * 549,00 € * Suunto Spartan Sport Wrist Sakura HR WITH BELT Inhalt 1 Stück 489,00 € * 549,00 € * Suunto Spartan Sport Wrist Blue HR WITH BELT Inhalt 1 Stück 489,00 € * 549,00 € * Suunto Spartan Sport Wrist Gold HR WITH BELT Inhalt 1 Stück 469,00 € * 599,00 € * Suunto Spartan Sport Wrist All Black HR Inhalt 1 Stück 377,99 € * 499,00 € * Suunto Spartan Sport Wrist Sakura HR Inhalt 1 Stück 377,99 € * 499,00 € * Suunto Spartan Sport Wrist Blue HR Inhalt 1 Stück 377,99 € * 499,00 € * Suunto Core Gray Crush Multifunktionsuhr... Inhalt 1 Stück 249,00 € * Suunto Core Coral Crush Multifunktionsuhr... Inhalt 1 Stück 249,00 € * Suunto Core Glacier Gray,... Inhalt 1 Stück 269,00 € * Suunto Core Alu Deep Black,... Inhalt 1 Stück 299,00 € * Suunto Core Alu Pure White,... Inhalt 1 Stück 299,00 € * Suunto Core Regular Black - Multifunktionsuhr -... Inhalt 1 Stück 217,50 € * Suunto Core All Black, Multifunktionsuhr Präzision Inhalt 1 Stück 264,99 € * Suunto Elementum Aqua Steel Multifunktionsuhr Inhalt 1 Stück 665,00 € * Suunto Elementum Aqua Black Rubber... Inhalt 1 Stück 545,00 € * Suunto Elementum Terra Steel Inhalt 1 Stück 615,00 € * Suunto Elementum Terra All Black Black Inhalt 1 Stück 519,00 € * Suunto Elementum Terra Black Rubber Inhalt 1 Stück 545,00 € * Suunto Elementum Terra Brown Leather Inhalt 1 Stück 515,00 € * Suunto Elementum Terra Black Rubber Inhalt 1 Stück 539,00 € * Suunto Elementum Terra Black Leather Inhalt 1 Stück 535,00 € * Suunto Ambit Black, integriertes GPS mit... Inhalt 1 Stück 375,00 € * Suunto Ambit Silver, integriertes GPS mit... Inhalt 1 Stück 375,00 € * Suunto Ambit Black HR, integriertes GPS mit... Inhalt 1 Stück 429,00 € * Suunto Elementum Terra Black/Red Leather Inhalt 1 Stück 565,00 € * Suunto Spartan Sport Wrist Gold HR Inhalt 1 Stück 432,99 € * 549,00 € * Suunto Spartan Trainer Wrist HR Black Inhalt 1 Stück 269,00 € * 279,00 € * Suunto Spartan Trainer Wrist HR Blue Inhalt 1 Stück 258,90 € * 279,00 € * Suunto Spartan Trainer Wrist HR Ocean Inhalt 1 Stück 258,90 € * 279,00 € * Suunto Spartan Trainer Wrist HR Steel Inhalt 1 Stück 314,90 € * 329,00 € * Suunto Spartan Trainer Wrist HR Gold Inhalt 1 Stück 314,90 € * 329,00 € * Suunto Spartan Sport Wrist HR Baro Stealth Inhalt 1 Stück 429,99 € * 549,00 € * Suunto Spartan Sport Wrist HR Baro Amber Inhalt 1 Stück 449,00 € * 549,00 € * Suunto Core Glacier Gray,... Inhalt 1 Stück 269,00 € * Suunto Core Alu Deep Black,... Inhalt 1 Stück 299,00 € * Outdoor Produkte günstig online kaufen - jetzt bei bergsports.de! bergsports.de ist der Outdoor Online Shop für alle Bergsport-Begeisterten. Mit einer großen Auswahl von bekannten Marken wie beispielsweise Deuter, Salewa, Garmin, Mammut, Oakley, Nitro, Suunto, Scarpa, LACD, Lundhags, Maul und Black Diamond. Der Berg ruft - und bergsports.de antwortet. Mit bester Ausrüstung zu besten Preisen. Jetzt ganz einfach und bequem Outdoor Ausrüstung online bestellen. Outdoorbekleidung, Kletterausrüstung, Outdoorzubehör, Outdoor Schuhe, Wanderbekleidung, Wanderausrüstung, Snowboards- und Ski sowie die dazugehörige Ausrüstung und alles was zum Bergsport dazugehört gibt es bei bergsports.de. Egal für welche Anforderungen - mit der richtigen Ausrüstung gelangen Sie überall hin. Outdoor Produkte günstig online kaufen - jetzt bei bergsports.de! bergsports.de ist der Outdoor Online Shop für alle Bergsport-Begeisterten. Mit einer großen Auswahl von bekannten Marken wie beispielsweise Deuter, Salewa, Garmin, Mammut, Oakley, Nitro, Suunto, Scarpa, LACD, Lundhags, Maul und Black Diamond. Der Burg ruft - und bergsports.de antwortet. Mit bester Ausrüstung zu besten Preisen. Jetzt ganz einfach und bequem Outdoor Ausrüstung online bestellen. Outdoorbekleidung, Kletterausrüstung, Outdoorzubehör, Kletterausrüstung, Outdoor Schuhe, Wanderbekleidung, Wanderausrüstung, Snowboards- und Ski sowie die dazugehörige Ausrüstung und alles was zum Bergsport dazugehört gibt es bei bergsports.de. Egal für welche Anforderung - mit der richtigen Ausrüstung gelangen Sie überall hin. Unsere Top-Marken im Überblick Garmin, Suunto, Nitro und Scarpa Nitro Highlights Nitro Highlights Nitro Thunder TLS Black/Gold Jon Kooley -... Inhalt 1 Stück 192,99 € * 228,00 € * Nitro Prime Wide All Terrain Snowboard Inhalt 1 Stück 275,00 € * 338,00 € * Nitro T1 Wide Freestyle Snowboard Inhalt 1 Stück 385,00 € * 468,00 € * Nitro Vagabond Black - Snowboardschuhe Inhalt 1 Stück 164,00 € * 184,95 € * Nitro Team TLS Blue/Black/Eero Ettala Signature... Inhalt 1 Stück 318,00 € * 389,00 € * Nitro Team TLS Black/Buckskin - Snowboardschuhe Inhalt 1 Stück 295,00 € * 389,95 € * Nitro Staxx Black - Snowboardbindung Inhalt 1 Stück 128,99 € * 159,95 € * Nitro Staxx Vapor Grey - Snowboardbindung Inhalt 1 Stück 128,99 € * 159,95 € * Nitro Thunder TLS Black/Gold Jon Kooley -... Inhalt 1 Stück 192,99 € * 228,00 € * Nitro Prime Wide All Terrain Snowboard Inhalt 1 Stück 275,00 € * 338,00 € * Nitro T1 Wide Freestyle Snowboard Inhalt 1 Stück 385,00 € * 468,00 € * Scarpa Highlights Scarpa Vapor V Women Turquoise - Kletterschuhe... Inhalt 1 Stück 102,95 € * 129,90 € * Scarpa Vapor V Lime Fluo - Kletterschuhe -... Inhalt 1 Stück 107,99 € * 129,90 € * Scarpa Instinct VS Black - Kletterschuhe -... Inhalt 1 Stück 113,50 € * 144,95 € * Scarpa Boostic parrot - Kletterschuhe -... Inhalt 1 Stück 109,99 € * 139,90 € * Scarpa Drago Yellow - Kletterschuhe -... Inhalt 1 Stück 117,45 € * 149,95 € * Scarpa Mojito GTX Lichen Green - Approachschuhe... Inhalt 1 Stück 124,99 € * 149,00 € * Scarpa Mojito Hikingschuhe caramel Inhalt 1 Stück 89,99 € * Scarpa Gaia TF Innenschuhe Inhalt 1 Stück 69,00 € * Scarpa Mojito GTX Hyper Blue - Approachschuhe -... Inhalt 1 Stück 124,99 € * 159,95 € * Scarpa Mojito GTX Taupe - Approachschuhe -... Inhalt 1 Stück 124,99 € * 159,95 € * Scarpa Vapor V Women Turquoise - Kletterschuhe... Inhalt 1 Stück 102,95 € * 129,90 € * Scarpa Vapor V Lime Fluo - Kletterschuhe -... Inhalt 1 Stück 107,99 € * 129,90 € * Scarpa Instinct VS Black - Kletterschuhe -... Inhalt 1 Stück 113,50 € * 144,95 € * Outdoor Produkte günstig online kaufen - jetzt bei bergsports.de! bergsports.de ist der Outdoor Online Shop für alle Bergsport-Begeisterten. Mit einer großen Auswahl von bekannten Marken wie beispielsweise Deuter, Salewa, Garmin, Mammut, Oakley, Nitro, Suunto, Scarpa, LACD, Lundhags, Maul und Black Diamond. Scarpa Highlights Garmin Highlights Garmin Forerunner 35 – Limelight GPS- Uhr-... Inhalt 1 Stück 178,90 € * 199,99 € * Garmin Forerunner 25 Laufen GPS-Uhr -... Inhalt 1 Stück 106,90 € * 129,99 € * Garmin Forerunner 25 Laufen GPS-Uhr - Weiß/Pink Inhalt 1 Stück 106,90 € * 129,99 € * Garmin vivosmart 3 - Aktivitätsmesser - Größe... Inhalt 1 Stück 149,99 € * Garmin Edge 820 Fahrrad GPS- -Navi - Schwarz Inhalt 1 Stück 313,99 € * 399,99 € * Garmin Edge 820 Bundle Fahrrad GPS- -Navi -... Inhalt 1 Stück 398,99 € * 499,99 € * Garmin Varia Radar RTL501 StVZO- Rear Light... Inhalt 1 Stück 149,00 € * 199,00 € * Garmin Varia Radar Bundle Ruecklicht und Anzeige Inhalt 1 Stück 238,00 € * 299,00 € * Garmin Index-Smart-Waage Personenwaage - Weiß Inhalt 1 Stück 139,90 € * 169,00 € * Garmin vivosmart 3 - Aktivitätsmesser - Größe... Inhalt 1 Stück 149,99 € * Garmin Montana 610 - Wandern GPS-/GLONASS-... Inhalt 1 Stück 429,00 € * 529,00 € * Garmin Edge 1000 Bundle Fahrrad-Computer mit GPS Inhalt 1 Stück 458,00 € * 609,00 € * Garmin Edge Touring Fahrrad Navi GPS-Gerät Inhalt 1 Stück 218,00 € * 249,00 € * Garmin Edge Touring Plus Fahrrad Navi GPS-Gerät Inhalt 1 Stück 248,00 € * 299,00 € * Garmin Forerunner 35 – Frost Blue GPS- Uhr-... Inhalt 1 Stück 178,90 € * 199,99 € * Garmin Forerunner 35 – Black GPS- Uhr-... Inhalt 1 Stück 178,90 € * 199,99 € * Garmin Swim™ – Elegante Schwimmuhr Inhalt 1 Stück 118,00 € * 149,00 € * Garmin inReach SE®+ - Satellite... Inhalt 1 Stück 426,00 € * 449,00 € * Garmin Running Dynamics Pod Inhalt 1 Stück 64,55 € * 69,99 € * Garmin Forerunner 935 schwarz GPS Triathlon... Inhalt 1 Stück 525,00 € * 549,99 € * Garmin Edge Explore 820 - Bike- Fahrradcomputer... Inhalt 1 Stück 313,99 € * Garmin Varia Rücklicht TL301 StVZO Inhalt 1 Stück 61,99 € * 69,00 € * Garmin Topo Spanien V5 PRO (microSD/SD) - Karte Inhalt 1 Stück 124,00 € * 129,00 € * Garmin vívoactive HR - Schwarz - intelligente... Inhalt 1 Stück 218,99 € * 269,99 € * Garmin Edge 25 HRM Bundle Fahrrad GPS-... Inhalt 1 Stück 158,99 € * 199,00 € * Garmin Edge 25 Fahrrad GPS- -Navigationssystem... Inhalt 1 Stück 138,99 € * 169,00 € * Garmin eTrex 30x Wandern GPS-... Inhalt 1 Stück 198,00 € * 249,00 € * Garmin Topo Australien und Neuseeland (microSD)... Inhalt 1 Stück 148,00 € * Garmin Topo Belux Pro (DVD/microSD) - Karte Inhalt 1 Stück 89,00 € * 99,00 € * Garmin Topo Adria PRO (microSD/SD) - Karte Inhalt 1 Stück 59,00 € * Garmin Topo Norwegen Premium 1 - Sorvest... Inhalt 1 Stück 178,00 € * Garmin Topo Norwegen Premium 10 - Finnmark... Inhalt 1 Stück 178,00 € * Garmin Topo Spanien V5 PRO (microSD/SD) - Karte Inhalt 1 Stück 124,00 € * 129,00 € * Garmin Topo Norwegen Experience PRO V3... Inhalt 1 Stück 128,00 € * Garmin Geschwindigkeitssensor und... Inhalt 1 Stück 64,99 € * 69,99 € * Garmin eTrex 20x das Einsteigergerät zum... Inhalt 1 Stück 168,00 € * 199,00 € * Garmin GPSMAP 64 Worldwide - Wandern... Inhalt 1 Stück 229,99 € * 299,00 € * Garmin Forerunner 35 – Limelight GPS- Uhr-... Inhalt 1 Stück 178,90 € * 199,99 € * Garmin Forerunner 25 Laufen GPS-Uhr -... Inhalt 1 Stück 106,90 € * 129,99 € * Garmin Forerunner 25 Laufen GPS-Uhr - Weiß/Pink Inhalt 1 Stück 106,90 € * 129,99 € * Kostenloser Versand ab € 100,- Bestellwert (DE) SSL gesicherter Kauf info@bergsports.de Telefon 09772 932499 Do-Fr, 08:00 - 18:00 Uhr Newsletter Abonnieren Sie den kostenlosen bergsports.de-Newsletter und verpassen Sie keine Neuigkeit oder Aktion mehr aus dem bergsports.de-Shop. Über uns Seit 2007 steht die Firma BERGSPORTS.DE für eine Auswahl an qualitativ hochwertigen Produkten für den Outdoorbereich. Beliebt bei Freizeit- und Profisportlern wurde BERGSPORTS.DE schnell zum Inbegriff für Kompetenz, Zuverlässigkeit und guten Service. Mitten im Herzen des Biosphärenreservat RHÖN, holt sich das Team von BERGSPORTS.DE seine Inspiration. Unsere Produkte werden in der schönen RHÖN, aber auch in den Alpen auf Herz und Nieren getestet. ""Wir lassen den Sport zum Naturerlebnis werden!"" PRODUKTE Von funktionalen Sportartikeln bis trendigen Lifestyle-Accessoires – in unserem Online-Shop BERGSPORTS.DE erhalten Sie hochwertige Produkte rund um den Sport: egal ob für‘s Wandern, Laufen, Nordic Walking, Klettern, Bergsteigen, Skifahren, Skitouren oder Snowboards, kombiniert mit unserer umfangreichen Beratung finden Sie garantiert das Richtige bei uns So und jetzt noch viel Spass beim stöbern in unserem Onlineshop BERGSPORTS.DE :) Shop Service Newsletter Kontakt Informationen Versand und Zahlungsbedingungen Widerrufsrecht Datenschutz AGB Impressum Service Hotline Telefonische Unterstützung und Beratung unter:09772 932499Do-Fr, 08:00 - 18:00 Uhr Unsere Communitys Facebook Google+ YouTube Twitter Pinterest Instagram Blogspot FlickR Unsere Zahlungsarten Wir versenden mit: © 2017 bergsports.de Design by TC-Innovations GmbH Zertifikat prüfenKäuferschutzbedingungenAlle Bewertungen Impressum Datenschutz+Maximieren×SchließenSehr gut4.67/5.00Zertifizierter ShopZertifikat prüfenKäuferschutzbedingungenAlle Bewertungen Impressum Datenschutz–Minimierenbergsports.de×KäuferschutzSie können sich nach dem Einkauf für die kostenlose Trusted Shops Mitgliedschaft Basic anmelden, inkl. Käuferschutz bis je 100 € für den aktuellen Einkauf sowie für Ihre weiteren Einkäufe in deutschen Shops mit dem Trusted Shops Gütesiegel.Mit Trusted Shops PLUS (inkl. Garantie) werden Ihre Einkäufe sogar bis je 20.000 € durch den Käuferschutz (inkl. Garantie) abgesichert, für 9,90 € pro Jahr inkl. MwSt. bei einer Mindestvertragslaufzeit von 1 Jahr. Die Absicherungsdauer des Käuferschutzes pro Einkauf beträgt in beiden Fällen 30 Tage.Es gelten die Mitgliedschafts- und Käuferschutzbedingungen.Zertifiziertseit 21.12.2017Käuferschutzbis zu 20.000 €×KundenbewertungenDie Note „Sehr gut“ berechnet sich aus den 9 Trusted Shops Bewertungen der letzten 12 Monate, die im Bewertungsprofil eingesehen werden können.9KundenbewertungenSehr gut4.67/5.0001.12.2017Ich habe schon öfters bei diesem Shop bestellt und bin bisher mehr als zufrieden. Gute Produkte und auch klasse Auskunft per Telefon. :-) Preis - Leistung ist Spitze Immer wieder gerne.25.11.2017Es ist zwar ein falsches Teil geliefert worden, aber der Umtausch ging problemlos und unkompliziert vonstatten. Sehr gut03.12.2017Alles Tipptopp"
23,bernkastel.de,"Urlaub an der Mosel in Bernkastel-Kues - Ferienland Bernkastel-Kues Urlaub an der MoselDirekt zum Inhalt springen.Unser TippRegionenBernkastel-KuesTipps und SehenswertesUnser FerienlandAktuellesAusgezeichnetMosel erlebenRadfahrenWandern im Urlaub an der MoselWein und GenussFeste und KulturAktiv und SportGesundheit und SpaFamilienurlaubMotorradFührungenGastgeberHotels & Fewos findenFerienwohnungen findenListe aller UnterkünfteUrlaub beim WinzerEinkaufen und ShoppingKulinarik und GenussPauschalenPauschalenWanderpauschalenMoselpauschalenRadpauschalenVeranstaltungenVeranstaltungskalenderWeinfest der MittelmoselWeihnachtsmarkt24h-WanderungKulturzeit Bernkastel-KuesWein-Gourmet-Tour 2018Mosel MusikfestivalWein- und StraßenfesteTage der offenen WeinkellerWeitere Veranstaltungs-TippsServiceProspekte bestellenTourist-InformationStadtplan und KarteKontaktformularA-Z alles WissenswerteInsidertippsFAQWetterAnreise und ParkenLive-WebcamPressebereichSocial Media WallKarte Suchen http://no.bernkastel.de/http://it.bernkastel.de/http://fr.bernkastel.de/http://es.bernkastel.de/http://se.bernkastel.de/http://nl.bernkastel.de/http://en.bernkastel.de/http://www.bernkastel.de/TwitterFacebookYoutubeMoselzeit-BlogUrlaub an der Moselim Ferienland Bernkastel-Kues: 22 Orte, 1 Stadt, Tipps und Freizeit ...Lernen Sie uns kennen ...mehrWandern im Urlaub an der Mosel. Abwechslungsreiche Touren auf Moselsteig und Ferienlandwegen!mehrWeihnachtsmarkt ab 24. November: Stände, Fackelschwimmen, Feuerwerk und vieles mehr!mehr Anreise Abreise Art der Unterkunft beliebig Ferienwohnung / Appartement Gasthof Pension Hotel Winzerhof / Bauernhof Erwachsene 1 2 3 4 5 6 7 8 9 10 Kinder 0 1 2 3 4 5 6 Alter der Kinder 0 1 2 3 4 5 6 7 8 9 10 11 12 13 14 15 16 17 0 1 2 3 4 5 6 7 8 9 10 11 12 13 14 15 16 17 0 1 2 3 4 5 6 7 8 9 10 11 12 13 14 15 16 17 0 1 2 3 4 5 6 7 8 9 10 11 12 13 14 15 16 17 0 1 2 3 4 5 6 7 8 9 10 11 12 13 14 15 16 17 0 1 2 3 4 5 6 7 8 9 10 11 12 13 14 15 16 17 Silvester in Bernkastel-KuesGroße ""Welcome-2018-Feier"" auf dem Karlsbader PlatzmehrWein-Gourmet-Tour5 Gastronomen, 10 Gerichte, 10 Bernkasteler Ring-Betriebe, 60 Weine ...mehrWinterbühneDienstags und donnerstags von 18 - 20 Uhr mit verschiedenen MusikactsmehrBurgführungAktuelle Termine und Infos rund um die neue Führung auf der Burg LandshutmehrMoselsteigWandern an und über der Mosel: 365 Kilometer Wandervergnügen!mehrKulturzeit in Bernkastel-KuesKonzerte - Kabarett - Kindertheater - Kino!mehrRadpauschalen im Moselurlaub: Genussurlaub auf dem Rad ...!mehrWanderpauschalenauf dem Moselsteig: ausgezeichnetes Wandern ...!mehrMoselpauschalenWinzerurlaub, Weinprobe, Schifffahrt, Ausflüge ...!mehrMosel Musikfestival Erstklassige Kunst auf aufsehenerregenden Bühnen an der Mosel!mehrNikolaus CusanusTheologe, Philosoph, Gelehrter: Leben und Werk des berühmtesten Sohn der Stadt!mehrFührungendurch Bernkastel, Kues, mit Doctor und Nachtwächter!mehrIhr Urlaubstelefon +49 6531 500 190Seite druckenKontaktMosel-Gäste-ZentrumGestade 654470 Bernkastel-KuesFon 06531 500190Fax 06531 5001919E-Mail: info@bernkastel.deIMPRESSUMNewsletterMöchten Sie auf dem Laufenden sein? Wir senden Ihnen aktuelle Termine per Newsletter oder aufs Handy.PRESSEBEREICHProspekte und KartenUrlaubsmagazin, Gastgeberverzeichnis und Wissenswertes aus dem Ferienland-Prospekte bestellenBeliebte ThemenRadfahren Wandern WebcamWein & Genuss Wellness & Gesundheit Aktiv & Sport Feste & Kultur Familien Weinfest AktuellesGäste für GästeFerienland liveAktuelles - BlogGepostetGäste für GästeImpressionenUrlaub an der Mosel im Ferienland Bernkastel-KuesDie besten UnterkünfteDie schönste LandschaftDie interessantesten TourenIhr unvergesslicher AufenthaltZurück zum Anfang der Seite. 0 Gesamt: 0,00 zum Warenkorb Warenkorb PrevNextDezember 2017MODIMIDOFRSASO2728293012345678910111213141516171819202122232425262728293031ladend"
24,bikepark-shop.de," Bike Online Shop | Dein Traumbike | bikepark-shop.de Sehr gut4.96/5.00Zertifiziert seit 21.02.2017×Zertifizierter Shop Wir verwenden in unserem Shop Cookies. Wenn Sie auf der Seite weitersurfen stimmen Sie der Cookie-Nutzung zu. JavaScript scheint in Ihrem Browser deaktiviert zu sein. Sie müssen JavaScript in Ihrem Browser aktivieren um alle Funktionen dieser Webseite nutzen zu können. Mein Konto Anmelden 0 0,00 € 0 0,00 € 0 0,00 € Play/PausePrevNext1234 Bikes Bike-Teile Bekleidung Zubehör Marken Sale Menu Bike Online Shop - fair mit Bikepark-Shop.de Du liebst es aktiv zu sein und greifst dafür am Liebsten auf das Mountainbike zurück? In unserem Bikepark Albstadt Online-Shop findest Du alles, was Du für einen actionreichen Ausflug mit dem Bike benötigst. Wir bieten Dir neben Komplettbikes, die Du als Neubike, Testbike oder Leihbike bei uns bestellen kannst auch ein umfangreiches Sortiment an MTB-Teilen, Zubehör, Bekleidung und Schutzausrüstung an. Außerdem findest Du in unserem Bike Online-Shop nur renommierte Hersteller wie Transition, Norco, Rock Shox und Shimano versammelt, die für eine einwandfreie Qualität und lange Haltbarkeit unserer Räder und Fahrradteile garantieren – selbst bei höchster Belastung im Gelände. Mit der praktischen Filter-Funktion unseres Bike-Online-Shops kannst Du zudem genau die gewünschte Disziplin wählen, für die Du ein Rad benötigst: Ob Downhill und Freeride, Enduro und Trail oder unsere Kinder-MTBs – so findest Du schnell genau das Bike, was Deinen Wünschen entspricht. Play/PausePrevNext1234 Unsere TOP-Kategorien Bikes Bike-Teile Bekleidung Zubehör Troy Lee Designs - A1 MTB-Helm Drone Gray/Ocean 18 129,99 € 129.99 Inkl. 19% MwSt., zzgl. Versandkosten Troy Lee Designs - Baja Eyeball Tee Yellow UVP : 29,90 € 21,90 € Sie sparen: 8.00€ (27%) 21.9 Inkl. 19% MwSt., zzgl. Versandkosten Smith - Brille Fuel V.2 ChromaPop Contr. Rose Flash Mirror Black UVP : 90,00 € 88,00 € Sie sparen: 2.00€ (2%) 88 Inkl. 19% MwSt., zzgl. Versandkosten Smith - Brille Squad ChromaPop Everyday Red Mirror Black UVP : 100,00 € 98,00 € Sie sparen: 2.00€ (2%) 98 Inkl. 19% MwSt., zzgl. Versandkosten 100% - Corpo Hoody Black UVP : 59,90 € 49,90 € Sie sparen: 10.00€ (17%) 49.9 Inkl. 19% MwSt., zzgl. Versandkosten 100% - DH-Jersey R-Core Supra Youth Hellblau/Pink UVP : 59,90 € 39,90 € Sie sparen: 20.00€ (33%) 39.9 Inkl. 19% MwSt., zzgl. Versandkosten Troy Lee Designs - Jersey langarm GP 18 Prisma Flo Pink UVP : 49,90 € 44,00 € Sie sparen: 5.90€ (12%) 44 Inkl. 19% MwSt., zzgl. Versandkosten 7Seven - Knieprotektor iDP Flex Black UVP : 89,90 € 64,90 € Sie sparen: 25.00€ (28%) 64.9 Inkl. 19% MwSt., zzgl. Versandkosten IXS - MTB-Helm Trail RS Evo Lime UVP : 119,00 € 99,90 € Sie sparen: 19.10€ (16%) 99.9 Inkl. 19% MwSt., zzgl. Versandkosten Bike-Teile und Zubehör Selbstverständlich bieten wir in unserem Bike Online-Shop auch eine umfangreiche Auswahl an Bike-Teilen und Zubehör an, das Du komfortabel über das Internet bestellen kannst. Vom Rahmen, über Zubehör für Fahrwerk, Antrieb und Bremsen, Lenk- und Sitzzone, sowie Reifen und Laufradbau findest Du die entsprechenden Fahrradteile übersichtlich geordnet. So kannst Du auf bequeme Weise Material, Verarbeitung und Passgenauigkeit verschiedener Komponenten und Hersteller vergleichen, bevor Du Dich festlegst und ganz einfach online bestellst. Gleiches gilt auch für unser umfassendes Sortiment an Zubehör. Hier findest Du neben praktischem Montage-Werkzeug auch Pflege- und Reinigungsmittel sowie Flickzeug, Spritzschutz und Beleuchtung – alles Notwendige, was Du für eine Ausfahrt auf Deinem Lieblingsstrail benötigst, damit Du auch bei härtester Beanspruchung Deine Tour ohne Probleme fortsetzen kannst. Unsere langjährige Erfahrung und die unmittelbare Verbundenheit mit dem Sport hilft uns dabei alle angebotenen Artikel immer optimal auf die Bedürfnisse anspruchsvoller Biker anzupassen. Nicht umsonst betreiben wir seit 2009 selbst den Bikepark Albstadt und bieten damit Hobbyfahrern und Profis aus ganz Deutschland eine einzigartige Location mit vielen unterschiedlichen Trails, auf denen auch Wettbewerbe wie zum Beispiel die Deutsche Meisterschaft im MTB-Downhill stattfinden. Bekleidung und Schutzausrüstung Adrenalin kann süchtig machen und eine anspruchsvolle Strecke steigert die Lust auf eine Abfahrt noch dazu. Doch gerade in unbekanntem Terrain sollte besondere Rücksicht genommen werden und eine entsprechende Schutzausrüstung ist sowieso Pflicht. Damit Du bei jeder Fahrt optimal geschützt bist, haben wir in unserem Bike Online-Shop eine umfangreiche Auswahl an Bekleidung und Schutzausrüstung zusammengestellt, die Dich auch in Extremsituationen effektiv vor Verletzungen bewahrt. Für Herren, Damen und Kinder findest Du hier von der passenden MTB-Kleidung, über Regenbekleidung bis hin zu Handschuhen, Schuhen, sowie Brillen, Helmen und Protektoren alles, um auch die größten Herausforderungen sicher zu meistern. Solltest Du Fragen zu unserem Angebot oder den Strecken im Park haben, zögere nicht unsere Bikepark-Shop Hotline anzurufen. Wir helfen Dir gerne persönlich weiter! Telefonische Beratung Montag, Dienstag, Donnerstag, Freitag 14-18 UhrSamstag 9-12 UhrMittwoch: Ruhetag Ladenöffnungszeiten Donnerstag 15-19 Uhr, Samstag 9-12 Uhr (Winterlingen-Harthausen) oder nach Absprache Zahlungsarten Versand Bikepark Shop AGB DatenschutzImpressumKontaktVersandinformationenZahlungsartenWiderrufWheelie lernenEnduro Bikes Websiteww.bikepark-albstadt.de Jetzt Fan werden und nichts mehr verpassen! Nichts verpassen! www.bikepark-albstadt.de · aktuelle Events + Öffnungszeiten· aktuelle Wetterlage, Webcam· Aktionen, u.v.m. Zertifikat prüfenKäuferschutzbedingungenAlle Bewertungen Impressum Datenschutz+Maximieren×SchließenSehr gut4.96/5.00Zertifizierter ShopZertifikat prüfenKäuferschutzbedingungenAlle Bewertungen Impressum Datenschutz–Minimierenbikepark-shop.de×KäuferschutzSie können sich nach dem Einkauf für die kostenlose Trusted Shops Mitgliedschaft Basic anmelden, inkl. Käuferschutz bis je 100 € für den aktuellen Einkauf sowie für Ihre weiteren Einkäufe in deutschen Shops mit dem Trusted Shops Gütesiegel.Mit Trusted Shops PLUS (inkl. Garantie) werden Ihre Einkäufe sogar bis je 20.000 € durch den Käuferschutz (inkl. Garantie) abgesichert, für 9,90 € pro Jahr inkl. MwSt. bei einer Mindestvertragslaufzeit von 1 Jahr. Die Absicherungsdauer des Käuferschutzes pro Einkauf beträgt in beiden Fällen 30 Tage.Es gelten die Mitgliedschafts- und Käuferschutzbedingungen.Zertifiziertseit 21.02.2017Käuferschutzbis zu 20.000 €×KundenbewertungenDie Note „Sehr gut“ berechnet sich aus den 69 Trusted Shops Bewertungen der letzten 12 Monate, die im Bewertungsprofil eingesehen werden können.69KundenbewertungenSehr gut4.96/5.0005.09.2017Schnell, Ware wie erwartet, topAndreas M13.03.2017Lange gesuchtes Teil günstig gefunden und schnell gelifert.Costica B11.04.2017alles prima. danke"
25,bremerhaven-immo.de," Bremerhaven-Immo.de - Das Regional-Portal für Immobilien in Bremerhaven und Umgebung OkDieses Portal verwendet Cookies, um Ihnen den Besuch zu vereinfachen und um die bestmögliche Funktionalität bieten zu können. Weitere InformationenCookie Consent plugin for the EU cookie law In Ihrem Browser ist JavaScript nicht aktiviert. Unsere Seite besitzt eine Vielzahl von Funktionen, die in Javascript programmiert wurden. Bitte aktivieren Sie in Ihrem Browser JavaScript und laden Sie dann diese Seite neu. Mieten Wohnung Wohngemeinschaft Wohnen auf Zeit Garage Sonstiges Kaufen Eigentumswohnung Einfamilienhaus Doppel-/Reihenhaus Bauernhaus Wohn-/Geschäftshaus Bauland Sonstiges Gewerbe Ladenfläche Bürofläche Praxis Gaststätte/Restaurant Grundstück Sonstiges Anbieten Anmelden Mein Bereich Meine Merkliste Zuletzt angesehen Leere Merkliste Keine Angebote eingefügt Mieten Kaufen Gewerbe 174 Immobilien, Wohnungen, Häuser & Zimmer Eine der größten Auswahl in der Region Wo suchen Sie? Was suchen Sie? Wohnung Wohngemeinschaft Wohnen auf Zeit Garage Sonstiges WohnungWohnungWohngemeinschaftWohnen auf ZeitGarageSonstiges Preis (€) Größe (m²) Räume Finden 174 Immobilien, Wohnungen, Häuser & Zimmer Eine der größten Auswahl in der Region Wo suchen Sie? Was suchen Sie? Eigentumswohnung Einfamilienhaus Doppel-/Reihenhaus Bauernhaus Wohn-/Geschäftshaus Bauland Sonstiges EigentumswohnungEigentumswohnungEinfamilienhausDoppel-/ReihenhausBauernhausWohn-/GeschäftshausBaulandSonstiges Preis (€) Größe (m²) Räume Finden 174 Immobilien, Wohnungen, Häuser & Zimmer Eine der größten Auswahl in der Region Wo suchen Sie? Was suchen Sie? Ladenfläche Bürofläche Praxis Gaststätte/Restaurant Grundstück Sonstiges LadenflächeLadenflächeBüroflächePraxisGaststätte/RestaurantGrundstückSonstiges Preis (€) Größe (m²) Räume Finden Angebote erkunden Stöbern Sie im gesamtem Angebot und wählen Sie hier einfach eine gewünschte Rubrik aus: Mieten Woh­nung, Wohn­ge­mein­schaft, Woh­nen auf Zeit, Ga­ra­ge, Sons­ti­ges Alle Angebote anzeigen Kaufen Ei­gen­tums­woh­nung, Ein­fa­mi­li­en­haus, Dop­pel-/Rei­hen­haus, Bau­ern­haus, Wohn-/Ge­schäfts­haus, Bau­land, Sons­ti­ges Alle Angebote anzeigen Gewerbe La­den­flä­che, Bü­ro­flä­che, Pra­xis, Gast­stät­te/Re­stau­rant, Grund­stück, Sons­ti­ges Alle Angebote anzeigen Nov. NEU! 365.8985 Top Wohnlage Hohenstaufenstraße 1027570 Bremerhaven (Geestemünde) 500 € Kaltmiete 64 m² Wohnfl. 3 Räume 2. OG Lage Anzeigen Service Partner Schnellaufruf Mieten Woh­nung Wohn­ge­mein­schaft Woh­nen auf Zeit Ga­ra­ge Sons­ti­ges Kaufen Ei­gen­tums­woh­nung Ein­fa­mi­li­en­haus Dop­pel-/Rei­hen­haus Bau­ern­haus Wohn-/Ge­schäfts­haus Bau­land Sons­ti­ges Gewerbe La­den­flä­che Bü­ro­flä­che Pra­xis Gast­stät­te/Re­stau­rant Grund­stück Sons­ti­ges Mein Bereich Mei­ne Merk­lis­te Zu­letzt an­ge­se­hen Anbieten An­mel­den Hauptbereiche Startseite Kontakt Datenschutz AGB Impressum © Copyright 2004 - 2017 IPS Siedenburg, All Rights Reserved "
26,buy-ern.eu," buy-ern.eu | online günstig einkaufen 0180 - 540 05 57 Kontakt Info Zahlungsarten Versandarten & -kosten Widerrufsrecht Impressum FR NL Login E-Mail-Adresse Passwort Anmelden Passwort vergessen? Registrieren Abbrechen Warenkorb 0 Sie haben noch keine Artikel im Warenkorb. Toggle navigation Finden Home Kochen & Backen 108 Küchenhelfer 51 Backzubehör 3 Frisch- & Warmhalten 2 Geschirr & Kochzubehör 31 Spülen & Reinigen 21 Wohnen & Hobby 279 Weihnachtsdeko 81 Kerzen & Leuchten 32 Dekoration 50 Heimtextilien 22 Hobby & Spiele 26 Auto & Fahrrad 31 CDs & DVDs 7 Schutz & Sicherheit 14 Haushalt & Bad 206 Alles fürs Bad 35 Haushaltsgeräte 4 Energie sparen 22 Reinigen & Pflegen 44 Verstauen & Aufbewahren 17 Haushaltshelfer 83 Garten & Balkon 77 Balkon & Gartenpflege 16 Dekorieren & Verstauen 11 Pflanzenpflege 34 Blumen, Pflanzen & Samen 9 Gesund & Schön 260 Fit & Gesund 32 Kosmetik 83 Schmuck & Parfum 32 Alltagshelfer 60 Gesichts- & Körperpflege 43 Erotik 11 Essen & Trinken 279 Weihnachtsschokolade 17 Weihnachtsgebäck 9 Schokolade & Süßigkeiten 73 Gebäck 25 Gesund & Lecker 34 Gewürze 7 Herzhaftes 35 Brände 7 Wein & Sekt 9 Gläser 2 Liköre 54 Schuhe & Accessoires 299 Damenschuhe 105 Kinderschuhe 18 Herrenschuhe 56 Accessoires 8 Strümpfe 45 Sale 51 Herzlich willkommen im Online Shop von Buy-ern! Vielfältige Produkte für jede Lebenslage – und das zum günstigen Preis: dafür steht unser Buy-ern Online-Shop. Als international tätiges Unternehmen mit langjähriger Erfahrung im Versandhandel bieten wir Ihnen ein breit gefächertes Sortiment rund um die Themen Küche, Haushalt, Garten, Freizeit, Körperpflege und Mode. Außerdem haben wir viele kulinarische Köstlichkeiten im Angebot. Stöbern Sie in Ruhe durch die verschiedenen Kategorien und lassen Sie sich inspirieren. Vom beliebten Bestseller bis zum pfiffigen Geheimtipp, vom soliden Markenprodukt bis zum preisgünstigen Schnäppchen – unsere Produktpalette wird ständig mit schönen und nützlichen Artikeln erweitert. Nutzen Sie unsere Serviceleistungen. Lassen Sie sich Ihre Wunschartikel bequem bis zu Ihnen nach Hause liefern und profitieren Sie bei Bedarf von der schnellen Expresslieferung. Kaufen Sie ohne Mindestbestellwert ein. Ihre Lieferung erhalten Sie bereits ab einem Bestellwert von 40€ versandkostenfrei. Übrigens lohnt es sich für Sie, den Buy-ern-Newsletter zu abonnieren. Denn so erhalten Sie sofort einen Gutschein im Wert von 10€. Außerdem informieren wir Sie stets über aktuelle Aktionen und Rabatte. Unsere Neuheiten Neu LED-Kerzen-Set, 12 Stück 7,99 € inkl. MwSt. zzgl. Versand in den Warenkorb Neu Parfum-Geschenk-Set »m by Cloud« 6,99 € inkl. MwSt. zzgl. Versand in den Warenkorb Neu Fensterbild »Weihnachtsbaum« 9,99 € inkl. MwSt. zzgl. Versand in den Warenkorb Neu Deko-LED-Glas 10,99 € inkl. MwSt. zzgl. Versand in den Warenkorb Neu Weihnachtspyramide, Mini 7,99 € inkl. MwSt. zzgl. Versand in den Warenkorb Unsere Bestseller Top-Artikel Eau de Toilette »La Bomba« 5,99 € inkl. MwSt. zzgl. Versand in den Warenkorb Top-Artikel Matratzen-Reiniger 7,99 € inkl. MwSt. zzgl. Versand in den Warenkorb Top-Artikel 10er Set LED-Christbaumkerzen 29,99 € inkl. MwSt. zzgl. Versand in den Warenkorb Top-Artikel Magnetische Spielesammlung 3,99 € inkl. MwSt. zzgl. Versand in den Warenkorb Top-Artikel Weihnachtliche Lichterkette 6,99 € inkl. MwSt. zzgl. Versand in den Warenkorb Top-Artikel Schnarch-Stopp mit Magnet 4,99 € inkl. MwSt. zzgl. Versand in den Warenkorb Gefällt mir Empfehlen Tweet +1 Zahlen Sie bequem per Wir versenden mit Newsletter-Anmeldung Einkaufen Zahlungsarten Versandarten & -kosten Widerrufsrecht Warenkorb Zur Kasse Hilfe Mein Konto Registrieren Login Unternehmen Kontakt Datenschutzerklärung AGB Impressum © Copyright 2017 Ern Group International bvba. Alle Rechte vorbehalten. Template, CMS & Warenwirtschaft by plentymarkets Warenkorb Nach oben Ihr Browser unterstützt kein JavaScript! Um die Funktionen dieser Seite nutzen zu können, benötigen Sie JavaScript! Bitte aktualisieren Sie Ihren Browser oder aktivieren Sie JavaScript in den Einstellungen. "
27,caseking.de," PC Systeme & Komponenten online kaufen | CASEKING Um Caseking in vollem Umfang nutzen zu können, empfehlen wir Ihnen Javascript in Ihrem Browser zu aktiveren. B2BReseller / Geschäftskunden noblechairs Mein Konto Kontakt Wunschzettel 0 Deutsch Deutsch Englisch Deutsch 0 Warenkorb 0,00 €* PC Konfigurator Erstelle Dein Traum-System! System konfigurieren Bestell-Hotline! Einfach, schnell & kompetent +49 (0)30 - 52 68 473 - 00 (Montag bis Freitag von 10-18 Uhr) Top Online-ShopIm Deutschland Test: Kundenzufriedenheit PC-Systeme 24h Express Systeme PC-Konfigurator Finder Neuheiten Topseller Highlights PC bis 600 € PC bis 1000 € PC über 1000 € Gaming PCs nach Spiel Intel Gaming PC AMD Gaming PC NVIDIA Gaming PC AMD Radeon PCs Premium Systeme 8Pack der8auer King Mod Professional PCs Grafik-Workstations Audio-Workstations Silent PCs High-End Allround Lüfterlos VR Ready PCs All-in-One PCs Upgrade-Kits AMD Bundles Intel Bundles King Mod Bundles Wohnzimmer PCs Barebones Desktop Systeme NUC Systeme Software PC-Komponenten Finder Neuheiten Angebote Topseller Highlights Arbeitsspeicher DDR4 DDR3 ECC-Arbeitsspeicher LED-beleuchtet SO-DIMM CPUs / Prozessoren AMD Prozessor Intel Prozessor Wärmeleitpasten Mainboards AMD Mainboards Intel Mainboards King Mod Mainboards Mainboard Zubehör Grafikkarten AMD Grafikkarten NVIDIA Grafikkarten King Mod Grafikkarten Grafikkarten Zubehör Soundkarten 5.1 Soundkarten 7.1 Soundkarten USB Soundkarten Netzteile Netzteil bis 500 Watt Netzteil bis 800 Watt Netzteil über 800 Watt Lüfterlose Netzteile Externe Netzteile USV Kabel & Zubehör Laufwerke Festplatten (HDDs) Festplatten (Extern) Solid State Drives (SSD) Blu-ray / DVD Zubehör Cardreader Festplattengehäuse Netzwerk- & Adapterkarten Adapterkarten Netzwerkkarten Virtual Reality Virtual Reality Was ist Virtual Reality? Erlebe VR in unserem Showroom VR Produkte VR Brille VR Zubehör VR Ready Grafikkarte VR Ready PC VR Ready Grafikkarte VR Ready PC HTC VIVE Gaming Gamer PCs nach Spiel High End Gaming PCs Gaming PC konfigurieren Gaming Notebooks ASUS Notebooks EVGA Notebooks Gigabyte Notebooks MSI Notebooks XMG Notebooks PC Gaming Gear GeForce GTX Gaming Radeon RX Gaming Gaming Mäuse Mauspads Gaming Tastaturen Kopfhörer & Headsets Gamepads Joysticks Lenkräder Flugsteuerungen Gaming Bundles Gaming Stühle Arozzi AKRACING DXRacer MWE LAB Next Level Racing Nitro Concepts noblechairs Playseat Thunder X3 VERTAGEAR Zubehör Computertische Gadgets für Geeks Drohnen Weihnachten Konsolen Gamepads Joysticks Kopfhörer & Headsets Lenkräder Zubehör eSports Collections GamersWear Stühle Systeme Trikots Zubehör Mausarme Tragetaschen Sonstiges Gehäuse & Modding Gehäuse-Finder Finder Neuheiten Angebote Topseller Highlights Gehäuse unter 50 € Gehäuse unter 100 € Computer Gehäuse Big-Tower Midi-Tower Mini Gehäuse Cube Gehäuse HTPC Gehäuse Aluminium-Gehäuse Gedämmte Gehäuse Benchtables Tischgehäuse Rackmounts Gehäusebauteile & Zubehör Lüftersteuerung Filter & Staubschutz Laufwerksblenden Gehäuse-Seitenteile Front & Top-Cover Sonstiges Zubehör Modding Gehäusedämmung Aufkleber Beleuchtung Farben & Lacke Kabel-Modding Material Schalter & Taster Schrauben Werkzeug & Montage PC Netzteile bis 500 Watt bis 800 Watt über 800 Watt Lüfterlose Netzteile Externe Netzteile USV Kabel & Zubehör Luftkühlung CPU Kühler Finder Finder Neuheiten Angebote Topseller Highlights CPU Kühler Finder Kühler CPU-Kühler VGA-Kühler Festplattenkühler RAM-Kühler Lüfter Nach Größe LED Lüfter PWM Lüfter USB Lüfter Lüftersteuerungen Zubehör CPU-Kühler Wärmeleitpaste Wärmeleitpads Reinigungsmittel Retention Module Mounting Kits Zubehör für Lüfter Lüfterschrauben Lüfterklemmen Lüfter-Adapter Lüftergitter Filter & Staubschutz Anti-Vibration Kabel Poweradapter Wasserkühlung Restposten Finder Neuheiten Angebote Topseller Highlights WaKü Systeme PC-Systeme WaKü Hardware Mainboards Grafikkarten WaKü-Sets All In One Intern Extern Wasserkühler Prozessor Grafikkarte Mainboard und RAM MOSFETs Festplatte Komponenten Ausgleichsbehälter Pumpen Radiatoren Schläuche Steuerungen Wasserzusätze Anschlüsse 6/4 mm 8/6 mm 10/8 mm 11/8 mm 13/10 mm 16/10 mm 16/11 mm 16/13 mm 19/13 mm Hard Tubing Acrylröhren Anschlüsse Zubehör Stickstoffkühlung Kühler Zubehör Montagezubehör Monitore Finder Neuheiten Angebote Topseller Highlights bis 150 € bis 300 € über 300 € Nach Größe über 76,20 cm (30"") 73,66 cm (29"") 71,12 cm (28"") 68,58 cm (27"") 60,96 cm (24"") 58,42 cm (23"") 55,90 cm (22"") bis 55,90 cm (22"") Nach Typ 4K / Ultra HD G-Sync / Free-Sync 120 / 144Hz / 3D Vision Curved Displays Multi Displays Dual Displays Triple Displays Zubehör 3D Brillen Monitorhalterungen Monitorkabel Bildschirmreiniger Peripherie Finder Neuheiten Angebote Topseller Highlights Drucker & Scanner 3D-Druck Eingabegeräte Mäuse Mauspads Tastaturen Game Controller Webcams HiFi & Audio Headsets Kopfhörer Mikrofone Soundsysteme Soundkarten Audio Zubehör Mobile Speicher USB Sticks Externe Festplatten Zubehör Netzwerk & WLAN NAS Router Switches & Hubs Kabel WLAN Stromversorgung Akkus Batterien Steckdosenleisten Kabel USV Notebook & Tablet Finder Neuheiten Angebote Topseller Highlights über 800 € Notebooks Gaming Kühler & Stands bis 15 Zoll bis 17 Zoll Zubehör Taschen/Rucksäcke Netzteile Kabel & Adapter Finder Neuheiten Angebote Topseller Highlights Externe Kabel Firewire iCables Micro-USB Mini-USB Netzstecker Netzwerk SATA / eSATA SAS / MiniSAS USB Interne Kabel Netzteil Mainboard Laufwerke Gehäuse Lüfter Kabelsets USB Multimedia Kabel optische Kabel 3.5 mm Klinke Cinch DVI HDMI Scart VGA DisplayPort Multimedia Adapter Video Capturing Zubehör Beschriftung Suche nach Stichwort, Artikelnummer oder EAN Neuheiten Sale Topseller Highlights Marken noblechairs EPIC H2K Ed. Neu: Nitro Concepts S300! Phanteks Glacier Reservoirs ADVENTSKALENDER 2017 Neues Cougar Gaming-Gear CASEKINGDOM King Mod World Caseking Bootcamp Caseking Galerie Caseking Gaming Premium-Partner: Unsere Zahlarten: Wir versenden mit: Caseking TV: Gaming PCs High End Gamer PCs PC-Konfigurator Jetzt PC konfigurieren! Grafikkarten AMD vs. NVIDIA Gehäuse & Modding Europas Nr. 1 Gaming Stühle Gaming Chairs Caseking Adventskalender -16% ASUS GeForce GTX 1050 Ti DC2 O4G, 4096 MB GDDR5 (1) lagernd 171,90 €* 144,90 €* Overclocked ""Pascal"" entry level graphics card with 4 GB VRAM, 1.341/1.455 MHz Base/Boost, 7.008 MHz memory clock (effective), 1× HDMI /... Zum Produkt Caseking Blog 21 12 Phanteks Glacier R160 & R220: formschöne Reservoirs mit Kühler & RGB-Beleuchtung Mit den Glacier R160- und R220-Reservoirs stellt Phanteks edle Ausgleichsbehälter für Custom-Wasserkühlungen mit ungewöhnlichem Design und großflächigen Kühlkörpern aus Aluminiu... Die Phanteks Glacier Reservoirs sind ab sofort im Caseking-Shop vorbestellbar! mehr erfahren ... 19 12 NEU: Phanteks Enthoo Pro als Tempered Glass & Tempered Glass Special Edition Der Gehäusespezialist Phanteks erweitert seine beliebte Enthoo Pro-Serie um zwei weitere Modelle. Auch hier erhält endlich Tempered Glass Einzug. Neben der typischen, schlicht s... Die neuen Phanteks Enthoo Pro TG & TG SE Midi-Tower sind ab sofort bei Caseking vorbestellbar! mehr erfahren ... 17 12 Star Citizen In-Game-Raumschiff ""The Sabre Raven"" jetzt GRATIS zu Intel Optane 900P SSDs! Intels SSD-Flaggschiff für Workstations und Enthusiasten trägt den Namen Optane 900P und setzt auf innovativen 3D-XPoint-Speicher. Ab 15.12.2017 gibt es nur solange der Vorrat r... Wir versenden den Voucher-Code 1-3 Werktage nach Warenerhalt per E-Mail. Nur Endkunden erhalten Gratisbeigaben. mehr erfahren ... 15 12 Die nächste Generation: Cougar Gaming-Mäuse für Profis und Gamer Mit den Mäusen Minos X3, Minos X5, Revenger und Revenger S erweitert Cougar sein bereits umfassendes Portfolio für PC-Spieler mit professionellen Ansprüchen. Dafür setzt Cougar ... Professionelle Gaming-Mäuse von Cougar - jetzt bei Caseking! mehr erfahren ... 09 12 Best of 2017 - Die beste Hardware für Einsteiger, Gamer & Enthusiasten Mit AMD Ryzen, Intel Skylake-X & Coffee Lake sowie AMD Vega und NVIDIA Max-Q ist in 2017 viel Bewegung in den PC-Markt gekommen. AMD ist endlich wieder konkurrenzfähig, mobiles ... Schaut jetzt bei unserer Best of 2017 Zusammenstellung vorbei! mehr erfahren ... Highlights -10% King Kits Intel Core i7-8700k tray + Megahalems ""eLoop PWM Edition Black"" (0) lagernd 497,80 €* 449,00 €* Geniales Aufrüst-Bundle mit Preisvorteil, bestehend aus schnellem Intel i7-8700k Prozessor, Prolimatech Megahalems... Zum Produkt EK Water Blocks EK-FB MSI X299 Gaming Pro Carbon RGB Monoblock - Nickel (0) lagernd 116,90 €* Vernickelter Kombi-Wasserkühler (CPU & VRM) mit RGB-LED-Beleuchtung von EK Water Blocks für ausgewählte MSI X299... Zum Produkt Enermax NEOChanger Ausgleichsbehälter mit RGB LED inkl. Pumpe - 400 ml (0) lagernd 109,90 €* Reservoir-Pumpenkombination mit 400 ml Ausgleichsbehälter und synchronisierbarer RGB-LED-Beleuchtung, Anschlüsse für... Zum Produkt EK Water Blocks EK-XRES 140 Revo D5 PWM - inkl. Pumpe, sleeved schwarz (4) lagernd 142,90 €* 205 ml fassender Ausgleichsbehälter aus Acryl und Acetal im runden Revo-Design mit schwarzen Sleeve-Kabel und... Zum Produkt Neuheiten Sale Topseller Cooler Master MasterBox Midi-Tower MB600L w/ODD - Gunmetal (0) lagernd 49,90 €* Schicker Midi-Tower von Cooler Master, Grafikkarten bis 400 mm, 2x Radiatoren möglich, 1x 120-mm-Lüfter und Staubfilter inklusive,... Aerocool P7-H1 RGB Controller Hub (0) lagernd 24,90 €* RGB-Hub für Lüfter und LED-Streifen, kompaktes Format, 5 Anschlüsse mit je 18 Watt für RGB-LED-Lüfter, 2 erweiterbare Anschlüsse mit je... Seagate IronWolf HDD, SATA 6G, 5900RPM, 3,5 Zoll - 1 TB (0) lagernd 59,90 €* Auf Dauereinsatz optimierte NAS-HDD mit 1 TB von Seagate mit SATA 6G, 5.900 U/min und geringem Stromverbrauch (3,76 W) Aerocool Quartz Red Midi-Tower - schwarz (0) lagernd 64,90 €* Kompakter Midi-Tower in Schwarz von Aerocool, Seitenteil aus Hartglas, Front aus Acrylglas, rote LED-Lüfter, Support für VGAs bis 36 cm... King Mod Service EVGA GeForce GTX 1080 Ti FTW3 Gaming iCX, wassergekühlt ... (0) individuell 1.099,90 €* Jetzt konfigurieren Wunsch-Wasserkühler von King Mod vorinstalliert!, EVGA GeForce GTX 1080 Ti FTW3 Gaming iCX, mit EK Water Blocks & Backplate nach Wahl King Mod Systems Black & White, AMD Threadripper 1950X, GTX 1080 Ti (0) individuell 6.999,90 €* Jetzt konfigurieren Erlebe neue Horizonte mit AMDs Threadripper 1950X, GeForce GTX 1080 Ti, Zwei Wasserkühlungs-Loops für CPU und Grafikkarte, schnelle... ASUS PG27VQ ROG Swift, 68,58 cm (27 Zoll), 165Hz, G-SYNC, TN ... (0) lagernd 869,00 €* Schneller Curved WQHD-Monitor von ASUS, 27-Zoll-TN-Panel & 16,7 Mio. Farben, 165 Hz & G-SYNC, 1x HDMI / 1x DP / 2x USB 3.0, 350... Western Digital Red Pro, SATA 6G, 7.200 U/min, 3,5 Zoll - 10 TB (0) lagernd 419,00 €* Schnelle 3,5 Zoll Festplatte von Western Digital mit 10 TB (10.000 GB), NAS-Technologie, 256 MB Cache und NASware 3.0, heliumgefüllt für... King Mod Service MSI GeForce GTX 1080 Ti Armor 11G OC, wassergekühlt (0) individuell 1.049,30 €* Jetzt konfigurieren Wunsch-Wasserkühler von King Mod vorinstalliert!, MSI GeForce GTX 1080 Ti Armor mit EK Water Blocks EK-FC Kühler ASUS EX-A320M, AMD A320 Mainboard - Sockel AM4 (0) lagernd 84,90 €* Gut bestücktes Mainboard (Micro-ATX) mit AMD A320 Chipsatz, mit 1x PCIe 3.0 x16, 1x M.2 (PCIe 3.0 Gen3 x4), 4x SATA-6G, 6x USB 3.0 &... EK Water Blocks EK-M.2 NVMe Heatsink - rot (0) lagernd 11,90 €* Roter Passivkühler für M.2 NVMe SSDs, bis zu 8-11 Grad kühlere Temperaturen, schlichtes & edles Design, unkomplizierte Montage -10% King Kits Upgrade Kit AMD Ryzen 7 1700 + ASUS B350-PLUS + Corsair ... (0) lagernd 598,80 €* 539,00 €* Aufrüst-Bundle zum Vorteilspreis!, inklusive ASUS B350-Mainboard, AMD Ryzen 1700 Prozessor, Corsair Vengeance LPX Series 16 GB Dual-Kit Aerocool Cylon RGB Midi-Tower - schwarz (0) lagernd 39,90 €* Kompakter Midi-Tower in Schwarz von Aerocool, Seitenteil aus Acrylglas, stylische RGB-Beleuchtung an der Frontseite, SD- und... King Kits MSI X299 Gaming Pro Carbon, Intel X299 Mainboard + Intel... (0) individuell 1.399,90 €* Jetzt konfigurieren Intel Skylake-X-Enthusiasten-Bundle zum Konfigurieren, mit MSI X299 Mainboard, Skylake-X i7- oder i9-Prozessor & AIO-Wakü nach Wahl,... G.Skill Trident Z RGB Series schwarz für AMD Ryzen, DDR4-2400 CL... (0) lagernd 479,90 €* High-Performance-RAM (DDR4) von G.Skill für AMD Ryzen, 32-GB-Dual-Channel-Kit (2x 16 GB), Heatspreader mit RGB-LED-Beleuchtung, 2.400 MHz... Crucial Ballistix Sport LT Series weiß, DDR4-2666, CL16 - 16 GB (0) lagernd 199,90 €* 16 GB großer DDR4-RAM-Riegel (1x 16 GB), weißer flacher Heatspreader, 2.666 MHz Takt, CL16 Latenzen bei 1,2 Volt, Top... G.Skill Trident Z RGB Series schwarz für AMD Ryzen, DDR4-3200 CL... (0) lagernd 599,90 €* High-Performance-RAM (DDR4) von G.Skill für AMD Ryzen, 32-GB-Quad-Channel-Kit (2x 16 GB), Heatspreader mit RGB-LED-Beleuchtung, 2.933 MHz... MSI Gaming GTX HB SLI-Bridge (2-Way) - 80 mm (0) lagernd 44,90 €* Kurze High-Bandwidth-SLI-Brücke (80 mm) der GTX-10er-Generation (NVIDIA Surround / HB / 4K+ / 120 Hz+) von MSI für den Verbund von zwei... King Mod Service Gigabyte GeForce GTX 1080 Ti Aorus 11G, wassergekühlt (0) individuell 1.049,90 €* Jetzt konfigurieren Wunsch-Wasserkühler von King Mod vorinstalliert!, Gigabyte GeForce GTX 1080 Ti Aorus mit EK Water Blocks EK-FC Kühler & Backplate Lian Li BORA RGB PWM Fan, Silver - 120mm (0) lagernd 19,90 €* PWM-Fans with aluminium frames and addressable RGB-LEDs, 800 - 1900 RPM, max. 97,2 m³/h airflow, Max. 1,9 mm H2O static pressure -34% INNO3D Druck Filament, PLA, 1,75mm - weiß (0) lagernd 29,90 €* 19,90 €* Inno3D Filament is a high-grade 3D printing filament designed for consistent stabilized printing Each Roll ensures consistent extrusion... -38% EK Water Blocks TOP Plexi - RAM Monarch X4 Clean CSQ - blau (0) lagernd 13,90 €* 8,70 €* Alternativer Deckel aus blauem Acryl im Clean-CSQ-Stil für EKWB-RAM-Kühler vom Typ EK-RAM Monarch X4 CSQ -19% SAMSUNG 850 EVO Series 2,5 Zoll SSD, SATA 6G - 1 TB (2) lagernd 399,90 €* 324,90 €* The 850 EVO is the advanced consumer SSD powered by 3D V-NAND technology that maximizes everyday computing experiences with optimized... -12% Team Group L5 Lite Series 2,5 Zoll SSD, SATA 6G - 120 GB (0) lagernd 59,90 €* 52,90 €* Schnelle und flache 120-GB-SSD von Team Group, TLC-NAND, geringer Stromverbrauch, max. 500/300 MB/s Lesen/Schreiben -15% King Mod Systems CK Virtual Reality Gaming PC Oculus Rift-Edition L, i5-86... (0) individuell 2.449,90 €* 2.099,90 €* Jetzt konfigurieren Virtual Reality Gaming PC incl. Oculus Rift & Touch Motion- / Xbox One controllers, BitFenix Midi-Tower, der8auer Core i5-8600K @ 4,8... -17% King Mod Systems CK Virtual Reality Gaming PC Oculus Rift-Edition S, i5-74... (0) individuell 2.099,90 €* 1.749,90 €* Jetzt konfigurieren Virtual Reality Gaming PC für Einsteiger, inkl. Oculus Rift & Touch Motion-Controllern, PHANTEKS Enthoo Evolv ITX Mini-ITX-Gehäuse,... -9% King Mod Systems CK Virtual Reality Gaming PC Oculus Rift-Edition XL, i7-6... (0) individuell 2.999,90 €* 2.749,90 €* Jetzt konfigurieren Virtual Reality Gaming PC inkl. Oculus Rift & Touch Motion-Controllern, EVGA DG-87 Big-Tower, Intel Core i7-6800K, GeForce GTX 1080,... -6% King Mod Systems New Horizon, Ryzen 7 1700X, GTX 1070 (2) individuell 1.799,90 €* 1.699,90 €* Jetzt konfigurieren Erlebe neue Horizonte mit AMD Ryzen, Phanteks Eclipse P400S, AMD Ryzen 7 1700X, GeForce GTX 1070, M.2-SSD & 16 GB RAM -16% ASUS PCE-N15 N300, Wireless LAN Adapter PCI-E 802.11 n (1) lagernd 19,90 €* 16,90 €* For quickly setting up a secure wireless connection, press the hardware WPS button on PCE-N15, then press the WPS button on router as well. -16% Gigabyte Aorus X3Sv7-DE325T, 35,30 cm (13,9 Zoll) High End Gaming... (1) lagernd 2.299,00 €* 1.949,00 €* High-End Gaming-Notebook von Aorus, 13,9-Zoll-IPS-Panel mit QHD+ Auflösung, Intel Core i7-7820HK & GeForce GTX 1060, 16 GB... -10% Cougar GX 800 V3 80 Plus Gold modular Netzteil - 800 Watt (3) lagernd 109,90 €* 99,90 €* 800 Watt Marken-Netzteil mit 80 Plus Gold, 140mm Lüfter und (teil-)modularem Kabelmanagement -9% ASUS ROG Strix GL702ZC-GC207T, 43,90 cm (17,3 Zoll) AMD Gamin... (0) lagernd 1.799,00 €* 1.649,00 €* Gaming-Notebook von ASUS, 17,3-Zoll-Panel mit 120 Hz & FreeSync, AMD Ryzen 7 1700 Prozessor, AMD RX 580 mit 4 GB GDDR5, 16 GB... Thermal Grizzly Kryonaut Wärmeleitpaste - 5,55 Gramm / 1,5 ml (31) lagernd 14,90 €* Extrem leistungsfähige Wärmeleitpaste Kryonaut mit bester Wärmeleitfähigkeit und Austrocknungsresistenz - 1,5 ml kein Hersteller UHU Hochtemperatur Silikon - 80 ml (11) lagernd 9,90 €* Praktisches Mittel von UHU zum Kleben oder Abdichten in verschiedensten Bereichen, dauerhaft hitzebeständig bis zu 180 Grad Celsius SAMSUNG 850 EVO Series 2,5 Zoll SSD, SATA 6G - 250 GB (8) lagernd 99,90 €* Samsung 850 EVO mit 250 GB Kapazität, hoher Lebensdauer, 540/520 MB/s Lesen/Schreiben & Clone-Software der8auer Delid-Die-Mate 2 (89) unbekannt 29,90 €* Praktisches Tool von ""der8auer"" zum einfachen Entfernen (""Köpfen"") des Integrated Heatspreaders (IHS), Kompatibel mit Intel Ivy-Bridge- /... PHANTEKS RGB LED-Strip Combo Set (9) ab 14.02.2018 14,90 €* Praktisches Set zur Erweiterung einer Gehäuse- oder Mainboard-Beleuchtung mit zwei 40 cm langen LED-Strips & Verlängerungs- und... EK Water Blocks EK-CoolStream PE 360 - schwarz (3) lagernd 79,90 €* EK-CoolStream PE is a high-performance computer water-cooling radiator which combines EK's unique CSQ design with latest radiator core... Kolink PCI-E x1 auf x16 powered Riser Card Mining/Rendering-Kit... (4) ab 09.03.2018 13,90 €* Flexibel einsetzbare Riser-Karte (60 cm lang), perfekt für Mining-Rigs, von PCIe x1/x4/x8/x16 auf PCIe x16 (elektrisch 1 Lane), mit... SAMSUNG 850 EVO Series 2,5 Zoll SSD, SATA 6G - 500 GB (16) lagernd 169,90 €* Samsung 850 EVO mit 500 GB Kapazität, hoher Lebensdauer, 540/520 MB/s Lesen/Schreiben & Clone-Software -12% Noiseblocker NB-eLoop Fan B12-PS - 120mm PWM, 3 Stück (5) lagernd 56,70 €* 49,90 €* Bundle aus 3x ultra-leisen 120-mm-Hightech-Lüftern von Noiseblocker mit hervorragender Elektronik und PWM EK Water Blocks EK-Supremacy EVO - Nickel (9) lagernd 69,90 €* High-End-CPU-Wasserkühler mit Plexi-Deckel und Nickel-Schicht noblechairs EPIC Gaming Stuhl - schwarz/rot (62) lagernd 339,90 €* Atmungsaktiver Gaming-Sessel von noblechairs in Schwarz mit roten Nähten, 60-mm-Rollen, 4D-Armlehnen, Komplettpolsterung & Bezug aus... SAMSUNG 960 EVO NVMe SSD, PCIe 3.0 M.2 Typ 2280 - 250 GB (15) lagernd 129,90 €* Bahnbrechend schnelle M.2-SSD (Format 2280) mit 250 GB Kapazität, bis zu 3.200/1.500 MB/s Lesen/Schreiben, PCIe-3.0-x4-Anbindung &... Caseking - Ihr Online-Shop für PC Hardware, Gaming PCs, Komplettsysteme und Gehäuse & Modding Wer online auf der Suche nach Hardware-Komponenten, Wasserkühlungs-Parts, Modding-Artikeln, Gehäusezubehör oder sogar kompletten Fertigsystemen ist, kommt um Caseking nicht herum - einem der europaweit größten E-Commerce-Unternehmen im Bereich Computer und Unterhaltungselektronik. Wir sind stolz, Ihnen dank bestem Service, höchster Warenverfügbarkeit sowie schnellster Versandabwicklung das beste Shopping-Erlebnis bieten zu können. Online einkaufen, bequem und sicher bei Caseking! Neben dem bequemen Online-Einkauf von zu Hause aus können Sie uns aber auch in unserem Outlet in Berlin besuchen. Wir freuen uns auf Ihren Besuch, ob im Online-Shop oder im Ladengeschäft! High End Gaming PC, Gaming Monitor, Grafikkarten & Notebooks kaufen Caseking - das ist der Online-Shop für alle Computer-Freaks, PC-Gamer und Anwender, die mehr wollen als nur Standardware. Bei Caseking ist nahezu jeder Mitarbeiter selbst passionierter Gamer oder Hardware-Enthusiast aus Leidenschaft und das ist auch der Grund, warum wir unseren Job lieben. Als Caseking-Kunde erleben Sie als Erster die neuesten Technologien rund um PC-Gaming wie z.B. Virtual Reality mit Oculus Rift oder HTC Vive und probieren Sie die heißesten Produkte live in unserem Computer Shop Berlin aus. Ob PC-Hardware-Komponenten wie leistungsstarke AMD Radeon oder Nvidia GeForce Grafikkarten, AMD oder Intel Prozessoren mit dem größten Overclocking-Potential, Arbeitsspeicher der neuen DDR4-Generation mit oder ohne LED-Beleuchtung, interne oder externe Festplatten mit großer Speicherkapazität und hoher Laufruhe, extrem schnelle und langlebige SSD-Laufwerke oder Design-PC-Gehäuse mit innovativen Funktionen für den Einsatz einer Wasserkühlung oder die neuesten Gaming-Monitore und komfortabelsten Gaming-Stühle - unser Team ist rund um die Uhr damit beschäftigt, für Sie die beste Computer-Hardware zu finden. Wer sich seinen Computer nicht alleine zusammenbauen möchte, für den bieten wir eine große Auswahl an verschiedenen PC-Systemen an, von leistungsstarken Gaming-PCs über leise PCs mit Wasserkühlung oder gänzlich lüfterlos bis hin zum Wohnzimmer- oder Mini-PC im edlen HTPC-Gehäuse - bei Caseking werden alle Systeme von Profis designt, konstruiert und produziert. Einzigartig in diesem Zusammenhang ist die high-end Gaming-PC-Serie, die Caseking gemeinsam mit zwei der weltbesten Overclocker und namhaften Pro-Gamern designt und konstruiert hat. Mehr Leistung geht schlichtweg nicht! Selbstverständlich können Sie sich Ihren Wunsch-PC auch ganz einfach selbst online in unserem PC-Konfigurator zusammenstellen oder sich alternativ von unserem King Mod Systems-Team telefonisch oder per E-Mail beraten lassen. Wir stehen Ihnen stets gerne mit kompetentem Rat zur Seite, damit Sie letztlich den Computer kaufen, den Sie auch wirklich wollen, ganz gleich ob hochgezüchteten Gaming-PC, blitzschnellen Videoschnitt-Rechner oder unhörbare Streaming-Maschine. Bei vielen ausgewählten Produkten finden Sie zusätzlich ein Video von Caseking TV. 2 Jahre kostenloser Pickup Service im Garantiefall Stresstests auf maximale Stabilität und Performance höchste Kompatibilität aller Komponenten 14 Jahre ""Hier ist NICHTS Standard""! Am 15. Januar 2003 erblickte die erste Version des Caseking Onlineshops in Berlin das Licht der Welt. 14 Jahre später hat sich optisch und inhaltlich jede Menge getan. Der einstige Spezialist für ausgefallene PC-Gehäuse, CPU-Kühler, PC-Lüfter und Case-Modding-Zubehör mit anfangs 250 Produkten hat sein Sortiment nach und nach erweitert, um Computer-Enthusiasten und PC-Gamern nun mit mehr als 10.000 Produkten die komplette Bandbreite an PC-Hardware, Gaming-Monitoren, Eingabegeräten und leistungsstarken sowie individuell konfigurierbaren PC-Systemen mit ausgefallenem PC-Zubehör anbieten zu können. Getreu dem Caseking-Motto ""HIER ist NICHTS Standard!"" verstehen wir uns selbst nicht als herkömmlichen Computer-Shop, bei dem man lediglich Computer-Hardware kaufen kann. Wir arbeiten eng mit den renommiertesten Herstellern der Branche zusammen, um die Entwicklung aktiv mit unserem Knowhow zu unterstützen und neue Produkte noch besser am Bedürfnis und Geschmack unserer Kunden auszurichten. Caseking vertreibt neben PC-Komponenten wie Grafikkarten, Mainboards und CPUs auch Peripherie für Gamer von der Einsteiger-Gaming-Maus bis zur Pro-Gaming-Tastatur, dem Gaming-Headset oder Mauspad - wir sind selbst passionierte Spieler und auch im eSports aktiv. Caseking hat beispielsweise gemeinsam mit MSI das NVIDIA GTX Bootcamp in Berlin ins Leben gerufen, um professionellen Teams von renommierten Clans wie SK Gaming oder Roccat ein optimales Trainingsumfeld zu ermöglichen. Die Spieler vertrauen dabei auf die Gaming PCs von Caseking, welche individuell auf die Bedürfnisse der Pro Gamer abgestimmt und angefertigt wurden. Auch durch unsere tiefe Verwurzelung im Overclocking & Case Modding arbeiten wir mit einigen der weltbesten übertakter zusammen, um das Maximum an Leistung und Stabilität aus jedem PC-System herauszuholen, welches durch unsere Techniker konstruiert wurde. Um den Systemen auch optisch den letzten individuellen Schliff zu geben, veranstalten wir gemeinsam mit verschiedenen Medien Case Modding Wettbewerbe, welche unseren Experten die Inspiration liefert, um gute neue Ideen in Form von besseren Produkten umzusetzen. Bei Caseking finden Sie die größte Vielfalt an Produkten rund um den PC. Darunter erstklassige Mini ITX-Gehäuse bis zum Big-Tower von Marken wie BitFenix, Corsair, NZXT, Lian Li, IN WIN, Phanteks oder Aerocool; Premium-Prozessorkühler von RaiJintek, Prolimatech, Alpenföhn oder Phanteks; Hochleistungs PC-Netzteile von Super Flower, be quiet!, Corsair, Seasonic oder Silverstone; High-End-Grafikkarten von Asus, Inno3D, Gigabyte, EVGA oder VTX3D und vieles mehr ... Weitere Informationen rund um Caseking Seit ihrer Gründung im Jahr 2003 hat sich die Caseking GmbH zu einem der europaweit erfolgreichsten Online-Anbieter für Produkte und Custom-Dienstleistungen rund um den Computer entwickelt. Die Caseking Group beschäftigt über 310 Mitarbeiter in ganz Europa. Hauptsitz ist Berlin, wo sich rund 150 Mitarbeiterinnen und Mitarbeiter um größtmögliche Kundenzufriedenheit - egal ob B2C oder B2B - bemühen. Dazu kommen Vertreter der Dependancen in Frankreich, den Benelux-Ländern, Taiwan und Ungarn sowie über 150 Angestellte bei Globaldata in Portugal, Trigono in Schweden und beim britischen Partnerunternehmen Overclockers UK. Ob Endverbraucher oder Fachhändler, ob vor Ort im Ladengeschäft oder per europaweitem Versand, jeder Kauf ist durch den herausragenden Caseking-Service abgedeckt. Und dank 10.000 m² eigener Lagerfläche sowie vollständig systemgestützter Logistik profitieren Kunden von der größten Warenverfügbarkeit und den kürzesten Versandzeiten. Unsere Tipps In unserem Computer Shop Berlin besteht die Möglichkeit sich vor Ort von unseren Fachleuten beraten zu lassen oder sich Produkte in unserem Outlet anzuschauen und auszuprobieren. Wir zeigen stets die aktuellen Produkte von Top Marken wie Asus, MSI, Gigabyte, EVGA, Bitfenix, Corsair, Samsung, Logitech, Nitro Concepts, noblechairs, Phanteks, Zowie und vielen weiteren Herstellern Im Caseking Outlet werden Sie natürlich nicht nur fachkundig beraten, sondern können die Produkte natürlich auch kaufen. Während Ihre Bestellung aus dem Lager für Sie kommissionert wird, haben Sie die Gelegenheit an verschiedenen Gaming PCs oder Gaming Notebooks die Wartezeit bei einem kostenlosen Erfrischungsgetränk mit einem kurzen Spiel zu verkürzen. Wenn Sie einmal mit uns in Kontakt treten wollen, haben Sie neben den herkömmlichen Kommunikationswegen wie Email, Telefon und Fax auch die Möglichkeiten uns über Facebook, Google Plus, Twitter oder unsere Support-Foren in den Communities der PC Games Hardware, Computerbase, Hardwareluxx und weiteren Partnern mit uns zu kommunizieren. Wir sind stets bemüht Ihnen das Einkauferlebnis bei uns so angenehm und komfortabel wie möglich zu gestalten. Hersteller wählen Zuletzt angesehen Lagerstandsanzeige Schließen lagernd Der Artikel befindet sich in unserem Lager und kann sofort ausgeliefert werden im Zulauf Der Artikel sollte im Laufe des Tages wieder verfügbar sein. ab XX.XX Der Artikel ist ab einem bestimmten Datum lieferbar. bestellt Zurzeit haben wir noch keinen bestätigten Liefertermin für diesen bestellten Artikel. individuell Das System wird individuell nach Ihrer Zusammenstellung gebaut, bitte beachten Sie den Lagerstatus der einzelnen Komponenten. unbekannt Der Liefertermin für diesen Artikel ist beim Hersteller leider unbekannt. Tauche in das Universum von John Wick ein Erlebe das neue VR Spiel ab sofort in unserem Showroom. Be John Wick Caseking Communities Caseking ist DER Online-Shop für Gamer und PC-Enthusiasten mit einer wahnsinnigen Auswahl von über 10.000 Artikeln! Erfahre mehr über uns! Newsletter abonnieren Abonnieren Sie den kostenlosen Caseking Newsletter und verpassen Sie keine Neuigkeit oder Aktion mehr. Shop Service Businesskunden (B2B) Glossar Newsletter & Neuigkeiten Übersicht Info & Service An Caseking verkaufen Informationen AGB Batteriegesetz Datenschutz Impressum Jobs & Karriere Kontakt Offizielle Partner Presse Rechtliches Widerrufsrecht Wir über uns Casekingdom Caseking Outlet Berlin Overclockers UK Partnerprogramm Sponsoring Caseking PT Caseking Blog Caseking Fan-Shop Caseking UK Caseking HU Flagship Brandstores 8Pack Aerocool Akasa Alpenföhn Anidées Asus be quiet! Bitfenix Corsair Cougar DEMCiflex EK Water Blocks EVGA Gigabyte Impactics Inno3D Intel InWin King Mod Systems Lian Li Nitro Concepts noblechairs MSI OrigenAe Phanteks ProlimaTech Raijintek Samsung SuperFlower Team Group Vertagear Zotac Zowie Häufig gesuchtIntel Core i7AMD Ryzen 7AMD Radeon RX 460AMD Radeon RX 470AMD Radeon RX 480GTX 1080 TIGTX 1070GTX 1060Mechanische TastaturenRadeonZockersesselBürostuhl Hotline & Service Noch Fragen? Rufen Sie uns an: +49 (0)30 - 52 68 473 - 00 (Montag bis Freitag von 10-18 Uhr) Individuelles PC-SystemSpezieller PC-Wunsch? Zögern Sie nicht uns anzurufen: +49 (0)30 - 52 68 473 - 07 (Montag bis Freitag von 10-18 Uhr) Wir bauen Ihnen Ihr individuelles TRAUM-SYSTEM! Copyright © - Alle Rechte vorbehalten * Alle Preise inkl. gesetzl. Mehrwertsteuer zzgl. Versandkosten und ggf. Nachnahmegebühren, wenn nicht anders beschrieben Fehlermelden! nach oben "
28,certeo.at,"Büromöbel, Büroeinrichtung, Betriebsausstattung | certeo.atKostenloser Versand 30 Tage Rückgabe Mind. 3 Jahre Garantie Kein Mindestbestellwert 0Warenkorb0800 23 45 40service@certeo.atAnmeldenSicher E-Mail* Passwort* Passwort vergessen?AnmeldenNeukunde? Jetzt kostenlos registrierenPrivat / Geschäftlich0WarenkorbBüroausstattungPräsentationstechnikModerationswände und StellwändePinnwände und WandtafelnFlipchartsSchaukästen...alle anzeigenTrennwände und RaumteilerParavent-SystemeSchallschutzwändeTrennwandsystemeTrennwandständerVitrinen und ThekenVitrinen- und ThekenmoduleVitrinenEmpfangsbereichEmpfangsthekenGarderobenSitzgruppenBesucherstühle und Konferenzstühle...alle anzeigenBürotechnikVentilatorenRaumklimaAktenvernichterWanduhren...alle anzeigenBüroorganisationPlanungstafeln und RastertafelnBüro-AblagesystemeSortierungHängemappenwagen...alle anzeigenBüromöbel SerienBüromöbel Komplett-AngeboteBüromöbelserie artlineBüromöbelserie AvetoBüromöbelserie BASIC-II...alle anzeigenComputermöbelComputerschränkeComputertischeComputerständerMattenSchmutzfangmattenBodenschutzmattenDesign FußmattenSchmutzfangmatte waschbar...alle anzeigenSozialraum und WaschraumGarderobenWanduhrenDekorationLampen und LeuchtenSchreibtischlampenLupenleuchtenStehlampenDeckenleuchten...alle anzeigenBetriebsausstattungAufbewahrungStapelkisten und KörbeSichtlagerkästenMagazine und KleinteileverwahrungLochplatten...alle anzeigenArbeitsschutzSchutzhelme und AnstoßkappenSchutzbrillen und GehörschutzArbeitshandschuheArbeitsschutzkleidung...alle anzeigenAußenbereichSitzgarniturenBänkeFahrradständer und FahrradhalterBriefkästen...alle anzeigenLeitern und TrittePodestleiternStufenstehleiternSprossenleiternTrittleiternWerkstattausrüstung und WerkstatteinrichtungWerkzeug und WerkzeugkofferStehpulteWerkbänkeArbeitstische...alle anzeigenReinigungReinigungswagenReinigungsgeräte und ReinigungsmittelNasssauger und IndustriesaugerHochdruckreiniger...alle anzeigenAbsperrungenAbsperrkettenFreistehende AbsperrungenAbsperrpfostenAbsperrgitter...alle anzeigenStühleBürostühleKonferenzstühle und PolsterstühleFreischwingerBesucherstühleStapelstühleDrehstühleArbeitsdrehstühleBürodrehstühleChefsesselHocker und StehhilfenHocker und StehhilfenRollhockerBarhockerSesselClubsessel und LedersesselGarderobenbänkeGarderobenbänkeBürostuhlzubehörFußstützen und heizbare FußmattenTischeKonferenztischeBesprechungstischeKlapptischeSchreibtischeSchreibtische, fixe HöheSchreibtische höhenverstellbarTischbautenAnsatzplatten, Anbautische und SchreibtischverkettungenThekenaufsätzeComputertischePC-TischeStehtischeRednerpulteBistrotischeWerkbänke und ArbeitstischeWerkbänkeArbeitstischePacktischeSchränkeBüroschränkeUniversalschränke für BüroHängeregistraturschränkeRollcontainer und StandcontainerRollladenschränke...alle anzeigenUniversalschränkeMaterialschränkeWerkstattschränkeUmweltschränkeGarderobenschränkeSpinde und SchließfächerKleiderspinde und Garderoben mit SitzbankAnbaugarderoben für SpindeVitrinen und ThekenVitrinenVitrinen- und ThekenmoduleWerkzeugschränke und MaterialschränkeWerkzeugschränkeMagazinschränkeSchubladenschränkeHängeschränke...alle anzeigenTresore und SicherheitstechnikWertschutzschränkeDokumentenschränkeGeldkassettenSchlüsselschränkeTransportTransportkarrenSackkarrenTreppenkarrenPlattenwagenGasflaschenwagenTransportwagenBürowagenPlattformwagenServierwagen und KüchenwagenWerkzeugwagen und Montagewagen...alle anzeigenHebegeräte und HubgeräteHubwagenHubrollerWagenheber und MaschinenheberTransportgeräteTransportrollerEtagenwagenRollbehälterFahrgestellePaletten und PalettenzubehörPaletten und PalettenzubehörTransporthilfenRoller und BetriebsfahrräderTransporthilfen für HandwerkRegaleBüroregaleBüroregaleAktenregaleRegalsystemeSchraubregale und SteckregaleSchraubregaleSteckregaleSteckregale mit TraversenRegale für Sichtlagerkästen...alle anzeigenSpezialregalePalettenregale und WeitspannregaleKleingebinde-RegaleReifenregaleFahrregale...alle anzeigenAbfallentsorgungAbfalleimerAscher-Abfallsammler-KombinationenAbfallsammlerPapierkörbeSicherheits-PapierkörbeAschenbecherAscher-Abfallsammler-KombinationenStandaschenbecherWandaschenbecherMülltonnenMülltonnenÜberdachungen und Depots für MülltonnenMüllsackständerMüllsackständerWertstoffsammelsystemeWertstoffsammelsystemeSammelgeräteSammelgeräteBüroausstattungPräsentationstechnikModerationswände und StellwändePinnwände und WandtafelnFlipchartsSchaukästenProjektionswände und ProjektorwagenKundenstopper...alle anzeigenTrennwände und RaumteilerParavent-SystemeSchallschutzwändeTrennwandsystemeTrennwandständerVitrinen und ThekenVitrinen- und ThekenmoduleVitrinenEmpfangsbereichEmpfangsthekenGarderobenSitzgruppenBesucherstühle und KonferenzstühleProspektständer und ProspekthalterSchirmständer...alle anzeigenBürotechnikVentilatorenRaumklimaAktenvernichterWanduhrenLaminiergeräte und LaminierfolienMünzzähler und Geldscheinprüfer...alle anzeigenBüroorganisationPlanungstafeln und RastertafelnBüro-AblagesystemeSortierungHängemappenwagenOrdnerdrehsäulenSchilder...alle anzeigenBüromöbel SerienBüromöbel Komplett-AngeboteBüromöbelserie artlineBüromöbelserie AvetoBüromöbelserie BASIC-IIBüromöbelserie BIANCABüromöbelserie CALL-TEAM...alle anzeigenComputermöbelComputerschränkeComputertischeComputerständerMattenSchmutzfangmattenBodenschutzmattenDesign FußmattenSchmutzfangmatte waschbarRutschhemmende MattenAntirutschmatten, Industriematten...alle anzeigenSozialraum und WaschraumGarderobenWanduhrenDekorationLampen und LeuchtenSchreibtischlampenLupenleuchtenStehlampenDeckenleuchtenMaschinenleuchtenBetriebsausstattungAufbewahrungStapelkisten und KörbeSichtlagerkästenMagazine und KleinteileverwahrungLochplattenKoffer und TransportboxenTanks und Kanister...alle anzeigenArbeitsschutzSchutzhelme und AnstoßkappenSchutzbrillen und GehörschutzArbeitshandschuheArbeitsschutzkleidungSicherheitsschuheStaubmasken...alle anzeigenAußenbereichSitzgarniturenBänkeFahrradständer und FahrradhalterBriefkästenKehrmaschinenStreuwagen und Streugutbehälter...alle anzeigenLeitern und TrittePodestleiternStufenstehleiternSprossenleiternTrittleiternWerkstattausrüstung und WerkstatteinrichtungWerkzeug und WerkzeugkofferStehpulteWerkbänkeArbeitstischeArbeitsplatzsystemeSicherheit und Schutz...alle anzeigenReinigungReinigungswagenReinigungsgeräte und ReinigungsmittelNasssauger und IndustriesaugerHochdruckreinigerKehrmaschinenAbsperrungenAbsperrkettenFreistehende AbsperrungenAbsperrpfostenAbsperrgitterGurtabsperrungenSystemgeländer...alle anzeigenStühleBürostühleKonferenzstühle und PolsterstühleFreischwingerBesucherstühleStapelstühleDrehstühleArbeitsdrehstühleBürodrehstühleChefsesselHocker und StehhilfenHocker und StehhilfenRollhockerBarhockerSesselClubsessel und LedersesselGarderobenbänkeGarderobenbänkeBürostuhlzubehörFußstützen und heizbare FußmattenTischeKonferenztischeBesprechungstischeKlapptischeSchreibtischeSchreibtische, fixe HöheSchreibtische höhenverstellbarTischbautenAnsatzplatten, Anbautische und SchreibtischverkettungenThekenaufsätzeComputertischePC-TischeStehtischeRednerpulteBistrotischeWerkbänke und ArbeitstischeWerkbänkeArbeitstischePacktischeSchränkeBüroschränkeUniversalschränke für BüroHängeregistraturschränkeRollcontainer und StandcontainerRollladenschränkeFahrbare SchränkeZeichnungsschränke...alle anzeigenUniversalschränkeMaterialschränkeWerkstattschränkeUmweltschränkeGarderobenschränkeSpinde und SchließfächerKleiderspinde und Garderoben mit SitzbankAnbaugarderoben für SpindeVitrinen und ThekenVitrinenVitrinen- und ThekenmoduleWerkzeugschränke und MaterialschränkeWerkzeugschränkeMagazinschränkeSchubladenschränkeHängeschränkeLoch- und SchlitzplattenschränkeTresore und SicherheitstechnikWertschutzschränkeDokumentenschränkeGeldkassettenSchlüsselschränkeTransportTransportkarrenSackkarrenTreppenkarrenPlattenwagenGasflaschenwagenTransportwagenBürowagenPlattformwagenServierwagen und KüchenwagenWerkzeugwagen und MontagewagenHandwagenKommissionierwagen...alle anzeigenHebegeräte und HubgeräteHubwagenHubrollerWagenheber und MaschinenheberTransportgeräteTransportrollerEtagenwagenRollbehälterFahrgestellePaletten und PalettenzubehörPaletten und PalettenzubehörTransporthilfenRoller und BetriebsfahrräderTransporthilfen für HandwerkRegaleBüroregaleBüroregaleAktenregaleRegalsystemeSchraubregale und SteckregaleSchraubregaleSteckregaleSteckregale mit TraversenRegale für SichtlagerkästenSchwerlastregaleRegalmoduleSpezialregalePalettenregale und WeitspannregaleKleingebinde-RegaleReifenregaleFahrregaleTafelregale und ReststückregaleAbfallentsorgungAbfalleimerAscher-Abfallsammler-KombinationenAbfallsammlerPapierkörbeSicherheits-PapierkörbeAschenbecherAscher-Abfallsammler-KombinationenStandaschenbecherWandaschenbecherMülltonnenMülltonnenÜberdachungen und Depots für MülltonnenMüllsackständerMüllsackständerWertstoffsammelsystemeWertstoffsammelsystemeSammelgeräteSammelgeräte123 Bürostuhl ab € 115,73 inkl. MwSt. Hier kaufen Kehrmaschinen ab € 163,92 inkl. MwSt. Hier kaufen Preishit Steckregal ab € 61,74 inkl. MwSt. Hier kaufen Bisley ab € 56,95 inkl. MwSt. Hier kaufen Leitern ab € 50,16 inkl. MwSt.Hier kaufenPräsentationstechnik ab € 27,06 inkl. MwSt.Hier kaufenEmpfangsbereich ab € 31,62 inkl. MwSt.Hier kaufenPC-Tische ab € 156,06 inkl. MwSt.Hier kaufen Wussten Sie? Mit unserer BEST-PRICE GARANTIE können wir Ihnen immer den Besten Preis machen. Sackkarren ab € 73,33 inkl. MwSt.Hier kaufen Transport Regale Abfallentsorgung Präsentationstechnik Schranken Büroausstattung Betriebsausstattung Stühle Tische Schränke Transport Regale Abfallentsorgung Präsentationstechnik Schranken Büroausstattung Betriebsausstattung Stühle Tische Schränke Transport Regale Abfallentsorgung Präsentationstechnik Wegesperre mit Gasdruckfeder - Auflagenstütze fest ab € 1.326,00 inkl. MwSt. Wegesperre mit Gasdruckfeder - Pendelstütze gefedert ab € 1.138,80 inkl. MwSt. Schranke, elektrisch - integrierte Solarzelle, Fernbedienung ab € 1.590,00 inkl. MwSt. Gatterschranken - 1 Paar ab € 1.144,80 inkl. MwSt. Mannus Handschranke - Pendelstütze gefedert ab € 1.416,00 inkl. MwSt. Mannus Wegesperre mit Gegengewicht - mit Gasfeder und fester Auflagestütze ab € 1.422,00 inkl. MwSt. Mannus Wegesperre mit Gegengewicht - mit Gasfeder und gefederter Pendelstütze ab € 1.470,00 inkl. MwSt. Höhenbegrenzer aus Aluminium - Länge 2000 mm ab € 238,68 inkl. MwSt. Höhenbegrenzer aus Aluminium - Länge 2500 mm ab € 292,80 inkl. MwSt. Höhenbegrenzer aus Aluminium - Länge 3000 mm ab € 423,00 inkl. MwSt. Höhenbegrenzer aus Aluminium - Länge 4000 mm ab € 498,00 inkl. MwSt. Höhenbegrenzer aus Aluminium - Länge 5000 mm ab € 590,40 inkl. MwSt. Höhenbegrenzer aus Kunststoff - Länge 950 mm € 99,36 inkl. MwSt. Mannus Wegesperre mit Gegengewicht - mit Gegengewicht und fester Auflagestütze ab € 1.716,00 inkl. MwSt. Mannus Wegesperre mit Gegengewicht - mit Gegengewicht und gefederter Pendelstütze ab € 1.710,00 inkl. MwSt. Wegesperre mit Gasdruckfeder - Auflagenstütze fest ab € 1.326,00 inkl. MwSt. Wegesperre mit Gasdruckfeder - Pendelstütze gefedert ab € 1.138,80 inkl. MwSt. Schranke, elektrisch - integrierte Solarzelle, Fernbedienung ab € 1.590,00 inkl. MwSt. Gatterschranken - 1 Paar ab € 1.144,80 inkl. MwSt. Mannus Handschranke - Pendelstütze gefedert ab € 1.416,00 inkl. MwSt. Mannus Wegesperre mit Gegengewicht - mit Gasfeder und fester Auflagestütze ab € 1.422,00 inkl. MwSt. Mannus Wegesperre mit Gegengewicht - mit Gasfeder und gefederter Pendelstütze ab € 1.470,00 inkl. MwSt. Höhenbegrenzer aus Aluminium - Länge 2000 mm ab € 238,68 inkl. MwSt. Höhenbegrenzer aus Aluminium - Länge 2500 mm ab € 292,80 inkl. MwSt. Höhenbegrenzer aus Aluminium - Länge 3000 mm ab € 423,00 inkl. MwSt. Höhenbegrenzer aus Aluminium - Länge 4000 mm ab € 498,00 inkl. MwSt. Höhenbegrenzer aus Aluminium - Länge 5000 mm ab € 590,40 inkl. MwSt. Höhenbegrenzer aus Kunststoff - Länge 950 mm € 99,36 inkl. MwSt. Mannus Wegesperre mit Gegengewicht - mit Gegengewicht und fester Auflagestütze ab € 1.716,00 inkl. MwSt. Mannus Wegesperre mit Gegengewicht - mit Gegengewicht und gefederter Pendelstütze ab € 1.710,00 inkl. MwSt. Wegesperre mit Gasdruckfeder - Auflagenstütze fest ab € 1.326,00 inkl. MwSt. Wegesperre mit Gasdruckfeder - Pendelstütze gefedert ab € 1.138,80 inkl. MwSt. Schranke, elektrisch - integrierte Solarzelle, Fernbedienung ab € 1.590,00 inkl. MwSt. Gatterschranken - 1 Paar ab € 1.144,80 inkl. MwSt. Mannus Handschranke - Pendelstütze gefedert ab € 1.416,00 inkl. MwSt. mauser Rechtecktisch, Fußform Quadratrohr - HxBxT 650 – 850 x 1600 x 800 mm, Vollkernplatte ab € 940,50 inkl. MwSt. mauser Rechtecktisch, Fußform Quadratrohr - HxBxT 650 – 850 x 1800 x 800 mm, Vollkernplatte ab € 967,86 inkl. MwSt. mauser Rechtecktisch, Fußform Quadratrohr - HxBxT 650 – 850 x 2000 x 800 mm, Vollkernplatte ab € 1.006,62 inkl. MwSt. mauser Rechtecktisch, Fußform Quadratrohr - HxBxT 650 – 850 x 1600 x 900 mm, Vollkernplatte ab € 990,66 inkl. MwSt. mauser Rechtecktisch, Fußform Quadratrohr - HxBxT 650 – 850 x 1800 x 900 mm, Vollkernplatte ab € 1.004,34 inkl. MwSt. Display-Klapprahmen - Aluminium, VE 2 Stk ab € 20,63 inkl. MwSt. mauser Freiformtisch, höhenverstellbar - Breite 1600 mm ab € 698,82 inkl. MwSt. mauser Freiformtisch, höhenverstellbar - Breite 1800 mm ab € 723,90 inkl. MwSt. mauser Freiformtisch, höhenverstellbar - Breite 2000 mm ab € 739,86 inkl. MwSt. mauser Rechtecktisch, Fußform Quadratrohr - HxBxT 650 – 850 x 1600 x 800 mm, Kunststoffplatte ab € 596,22 inkl. MwSt. mauser Rechtecktisch, Fußform Quadratrohr - HxBxT 650 – 850 x 1800 x 800 mm, Kunststoffplatte ab € 611,04 inkl. MwSt. mauser Rechtecktisch, Fußform Quadratrohr - HxBxT 650 – 850 x 2000 x 800 mm, Kunststoffplatte ab € 632,70 inkl. MwSt. mauser Rechtecktisch, Fußform Quadratrohr - HxBxT 650 – 850 x 1600 x 900 mm, Kunststoffplatte ab € 613,32 inkl. MwSt. mauser Rechtecktisch, Fußform Quadratrohr - HxBxT 650 – 850 x 1800 x 900 mm, Kunststoffplatte ab € 631,56 inkl. MwSt. mauser Rechtecktisch, Fußform Quadratrohr - HxBxT 650 – 850 x 2000 x 900 mm, Kunststoffplatte ab € 654,36 inkl. MwSt. mauser Rechtecktisch, Fußform Quadratrohr - HxBxT 650 – 850 x 1600 x 800 mm, Vollkernplatte ab € 940,50 inkl. MwSt. mauser Rechtecktisch, Fußform Quadratrohr - HxBxT 650 – 850 x 1800 x 800 mm, Vollkernplatte ab € 967,86 inkl. MwSt. mauser Rechtecktisch, Fußform Quadratrohr - HxBxT 650 – 850 x 2000 x 800 mm, Vollkernplatte ab € 1.006,62 inkl. MwSt. mauser Rechtecktisch, Fußform Quadratrohr - HxBxT 650 – 850 x 1600 x 900 mm, Vollkernplatte ab € 990,66 inkl. MwSt. mauser Rechtecktisch, Fußform Quadratrohr - HxBxT 650 – 850 x 1800 x 900 mm, Vollkernplatte ab € 1.004,34 inkl. MwSt. Display-Klapprahmen - Aluminium, VE 2 Stk ab € 20,63 inkl. MwSt. mauser Freiformtisch, höhenverstellbar - Breite 1600 mm ab € 698,82 inkl. MwSt. mauser Freiformtisch, höhenverstellbar - Breite 1800 mm ab € 723,90 inkl. MwSt. mauser Freiformtisch, höhenverstellbar - Breite 2000 mm ab € 739,86 inkl. MwSt. mauser Rechtecktisch, Fußform Quadratrohr - HxBxT 650 – 850 x 1600 x 800 mm, Kunststoffplatte ab € 596,22 inkl. MwSt. mauser Rechtecktisch, Fußform Quadratrohr - HxBxT 650 – 850 x 1800 x 800 mm, Kunststoffplatte ab € 611,04 inkl. MwSt. mauser Rechtecktisch, Fußform Quadratrohr - HxBxT 650 – 850 x 2000 x 800 mm, Kunststoffplatte ab € 632,70 inkl. MwSt. mauser Rechtecktisch, Fußform Quadratrohr - HxBxT 650 – 850 x 1600 x 900 mm, Kunststoffplatte ab € 613,32 inkl. MwSt. mauser Rechtecktisch, Fußform Quadratrohr - HxBxT 650 – 850 x 1800 x 900 mm, Kunststoffplatte ab € 631,56 inkl. MwSt. mauser Rechtecktisch, Fußform Quadratrohr - HxBxT 650 – 850 x 2000 x 900 mm, Kunststoffplatte ab € 654,36 inkl. MwSt. mauser Rechtecktisch, Fußform Quadratrohr - HxBxT 650 – 850 x 1600 x 800 mm, Vollkernplatte ab € 940,50 inkl. MwSt. mauser Rechtecktisch, Fußform Quadratrohr - HxBxT 650 – 850 x 1800 x 800 mm, Vollkernplatte ab € 967,86 inkl. MwSt. mauser Rechtecktisch, Fußform Quadratrohr - HxBxT 650 – 850 x 2000 x 800 mm, Vollkernplatte ab € 1.006,62 inkl. MwSt. mauser Rechtecktisch, Fußform Quadratrohr - HxBxT 650 – 850 x 1600 x 900 mm, Vollkernplatte ab € 990,66 inkl. MwSt. mauser Rechtecktisch, Fußform Quadratrohr - HxBxT 650 – 850 x 1800 x 900 mm, Vollkernplatte ab € 1.004,34 inkl. MwSt. PELI Hartschalenkoffer - Inhalt 174 l, mit Rollen und Handgriff ab € 680,58 inkl. MwSt. PELI Hartschalenkoffer - Inhalt 28,6 l, mit Rollen und Handgriff ab € 309,52 inkl. MwSt. PELI Hartschalenkoffer - Inhalt 147 l, mit Rollen und Handgriff ab € 703,38 inkl. MwSt. ZARGES Alu-Euro-Werkzeugbox - stapelbar ab € 243,96 inkl. MwSt. ZARGES Alu-Box MINI XS - Inhalt 24 l € 132,92 inkl. MwSt. Außenspiegel ICE FREE - Edelstahl, beschlags- / vereisungsfrei ab € 1.632,00 inkl. MwSt. Knuffi® Warn- und Schutzprofil, retroreflektierend - mit Montageschiene ab € 104,64 inkl. MwSt. Knuffi® Warn- und Schutzprofil, retroreflektierend - ohne Montageschiene ab € 77,76 inkl. MwSt. Edelstahl-Sperrpfosten - mit Abschlusskappe ab € 350,40 inkl. MwSt. Edelstahl-Sperrpfosten - mit Flachkopf ab € 360,00 inkl. MwSt. Gurtbandkassette - Bandauszug max. 3000 mm ab € 113,28 inkl. MwSt. Gurtpfosten aus Aluminium - Bandauszug 3700 mm ab € 213,72 inkl. MwSt. Gurtpfosten aus Aluminium - Bandauszug 2300 mm ab € 180,00 inkl. MwSt. PELI Hartschalenkoffer - Inhalt 9,2 l ab € 152,76 inkl. MwSt. PELI Hartschalenkoffer - Inhalt 4,5 l ab € 87,67 inkl. MwSt. PELI Hartschalenkoffer - Inhalt 174 l, mit Rollen und Handgriff ab € 680,58 inkl. MwSt. PELI Hartschalenkoffer - Inhalt 28,6 l, mit Rollen und Handgriff ab € 309,52 inkl. MwSt. PELI Hartschalenkoffer - Inhalt 147 l, mit Rollen und Handgriff ab € 703,38 inkl. MwSt. ZARGES Alu-Euro-Werkzeugbox - stapelbar ab € 243,96 inkl. MwSt. ZARGES Alu-Box MINI XS - Inhalt 24 l € 132,92 inkl. MwSt. Außenspiegel ICE FREE - Edelstahl, beschlags- / vereisungsfrei ab € 1.632,00 inkl. MwSt. Knuffi® Warn- und Schutzprofil, retroreflektierend - mit Montageschiene ab € 104,64 inkl. MwSt. Knuffi® Warn- und Schutzprofil, retroreflektierend - ohne Montageschiene ab € 77,76 inkl. MwSt. Edelstahl-Sperrpfosten - mit Abschlusskappe ab € 350,40 inkl. MwSt. Edelstahl-Sperrpfosten - mit Flachkopf ab € 360,00 inkl. MwSt. Gurtbandkassette - Bandauszug max. 3000 mm ab € 113,28 inkl. MwSt. Gurtpfosten aus Aluminium - Bandauszug 3700 mm ab € 213,72 inkl. MwSt. Gurtpfosten aus Aluminium - Bandauszug 2300 mm ab € 180,00 inkl. MwSt. PELI Hartschalenkoffer - Inhalt 9,2 l ab € 152,76 inkl. MwSt. PELI Hartschalenkoffer - Inhalt 4,5 l ab € 87,67 inkl. MwSt. PELI Hartschalenkoffer - Inhalt 174 l, mit Rollen und Handgriff ab € 680,58 inkl. MwSt. PELI Hartschalenkoffer - Inhalt 28,6 l, mit Rollen und Handgriff ab € 309,52 inkl. MwSt. PELI Hartschalenkoffer - Inhalt 147 l, mit Rollen und Handgriff ab € 703,38 inkl. MwSt. ZARGES Alu-Euro-Werkzeugbox - stapelbar ab € 243,96 inkl. MwSt. ZARGES Alu-Box MINI XS - Inhalt 24 l € 132,92 inkl. MwSt. interstuhl Bürodrehstuhl GOAL, Rückenlehnenhöhe 530 mm - Gestell schwarz, mit weichen Rollen ab € 575,40 inkl. MwSt. interstuhl Bürodrehstuhl GOAL, Rückenlehnenhöhe 530 mm - Gestell brillantsilber, mit harten Rollen ab € 604,80 inkl. MwSt. interstuhl Bürodrehstuhl GOAL, Rückenlehnenhöhe 530 mm - Gestell brillantsilber, mit weichen Rollen ab € 604,80 inkl. MwSt. interstuhl Bürodrehstuhl GOAL, Rückenlehnenhöhe 530 mm - Gestell poliert, mit weichen Rollen ab € 675,60 inkl. MwSt. interstuhl Bürodrehstuhl GOAL AIR, Rückenlehnenhöhe 545 mm - Gestell schwarz, mit harten Rollen ab € 636,00 inkl. MwSt. interstuhl Operator-Drehstuhl EVERY, Netz-Rückenlehne schwarz - Gestell schwarz, mit weichen Rollen ab € 360,96 inkl. MwSt. interstuhl Bürodrehstuhl GOAL, Rückenlehnenhöhe 530 mm - Gestell poliert, mit harten Rollen ab € 675,60 inkl. MwSt. interstuhl Operator-Drehstuhl EVERY, Chillback-Rückenlehne weiß - Gestell poliert, mit harten Rollen ab € 571,20 inkl. MwSt. interstuhl Bürodrehstuhl GOAL, Rückenlehnenhöhe 430 mm - Gestell schwarz, mit harten Rollen ab € 459,60 inkl. MwSt. interstuhl Bürodrehstuhl GOAL, Rückenlehnenhöhe 430 mm - Gestell schwarz, mit weichen Rollen ab € 465,00 inkl. MwSt. interstuhl Bürodrehstuhl GOAL, Rückenlehnenhöhe 430 mm - Gestell brillantsilber, mit harten Rollen ab € 514,80 inkl. MwSt. interstuhl Bürodrehstuhl GOAL, Rückenlehnenhöhe 430 mm - Gestell brillantsilber, mit weichen Rollen ab € 514,80 inkl. MwSt. interstuhl Bürodrehstuhl GOAL, Rückenlehnenhöhe 430 mm - Gestell poliert, mit harten Rollen ab € 580,80 inkl. MwSt. interstuhl Bürodrehstuhl GOAL, Rückenlehnenhöhe 430 mm - Gestell poliert, mit weichen Rollen ab € 580,80 inkl. MwSt. interstuhl Bürodrehstuhl GOAL, Rückenlehnenhöhe 530 mm - Gestell schwarz, mit harten Rollen ab € 575,40 inkl. MwSt. interstuhl Bürodrehstuhl GOAL, Rückenlehnenhöhe 530 mm - Gestell schwarz, mit weichen Rollen ab € 575,40 inkl. MwSt. interstuhl Bürodrehstuhl GOAL, Rückenlehnenhöhe 530 mm - Gestell brillantsilber, mit harten Rollen ab € 604,80 inkl. MwSt. interstuhl Bürodrehstuhl GOAL, Rückenlehnenhöhe 530 mm - Gestell brillantsilber, mit weichen Rollen ab € 604,80 inkl. MwSt. interstuhl Bürodrehstuhl GOAL, Rückenlehnenhöhe 530 mm - Gestell poliert, mit weichen Rollen ab € 675,60 inkl. MwSt. interstuhl Bürodrehstuhl GOAL AIR, Rückenlehnenhöhe 545 mm - Gestell schwarz, mit harten Rollen ab € 636,00 inkl. MwSt. interstuhl Operator-Drehstuhl EVERY, Netz-Rückenlehne schwarz - Gestell schwarz, mit weichen Rollen ab € 360,96 inkl. MwSt. interstuhl Bürodrehstuhl GOAL, Rückenlehnenhöhe 530 mm - Gestell poliert, mit harten Rollen ab € 675,60 inkl. MwSt. interstuhl Operator-Drehstuhl EVERY, Chillback-Rückenlehne weiß - Gestell poliert, mit harten Rollen ab € 571,20 inkl. MwSt. interstuhl Bürodrehstuhl GOAL, Rückenlehnenhöhe 430 mm - Gestell schwarz, mit harten Rollen ab € 459,60 inkl. MwSt. interstuhl Bürodrehstuhl GOAL, Rückenlehnenhöhe 430 mm - Gestell schwarz, mit weichen Rollen ab € 465,00 inkl. MwSt. interstuhl Bürodrehstuhl GOAL, Rückenlehnenhöhe 430 mm - Gestell brillantsilber, mit harten Rollen ab € 514,80 inkl. MwSt. interstuhl Bürodrehstuhl GOAL, Rückenlehnenhöhe 430 mm - Gestell brillantsilber, mit weichen Rollen ab € 514,80 inkl. MwSt. interstuhl Bürodrehstuhl GOAL, Rückenlehnenhöhe 430 mm - Gestell poliert, mit harten Rollen ab € 580,80 inkl. MwSt. interstuhl Bürodrehstuhl GOAL, Rückenlehnenhöhe 430 mm - Gestell poliert, mit weichen Rollen ab € 580,80 inkl. MwSt. interstuhl Bürodrehstuhl GOAL, Rückenlehnenhöhe 530 mm - Gestell schwarz, mit harten Rollen ab € 575,40 inkl. MwSt. interstuhl Bürodrehstuhl GOAL, Rückenlehnenhöhe 530 mm - Gestell schwarz, mit weichen Rollen ab € 575,40 inkl. MwSt. interstuhl Bürodrehstuhl GOAL, Rückenlehnenhöhe 530 mm - Gestell brillantsilber, mit harten Rollen ab € 604,80 inkl. MwSt. interstuhl Bürodrehstuhl GOAL, Rückenlehnenhöhe 530 mm - Gestell brillantsilber, mit weichen Rollen ab € 604,80 inkl. MwSt. interstuhl Bürodrehstuhl GOAL, Rückenlehnenhöhe 530 mm - Gestell poliert, mit weichen Rollen ab € 675,60 inkl. MwSt. interstuhl Bürodrehstuhl GOAL AIR, Rückenlehnenhöhe 545 mm - Gestell schwarz, mit harten Rollen ab € 636,00 inkl. MwSt. BiGDUG Werkbank - höhenverstellbar, Traglast 450 kg ab € 384,43 inkl. MwSt. BiGDUG Werktisch - höhenverstellbar, Traglast bis zu 300 kg ab € 79,04 inkl. MwSt. BiGDUG Arbeitsstation - 4 Ebenen, Tragkraft 100/300 kg, blau € 124,99 inkl. MwSt. Werkbank mit 2 Schubladenschränken - mit Multiplex-Arbeitsplatte € 543,12 inkl. MwSt. Klapptisch, mit Kunststoffplatte - Höhe 740 mm ab € 100,87 inkl. MwSt. RAU Werktisch, höhenverstellbar - Buche-Platte ab € 391,20 inkl. MwSt. RAU Werktisch, höhenverstellbar - MDF-Platte ab € 351,00 inkl. MwSt. RAU Werktisch, höhenverstellbar - Melamin-Platte ab € 351,00 inkl. MwSt. Reinraumtisch mit Polypropylen-Platte - Gestell aus Edelstahl, Höhe 900 mm ab € 746,40 inkl. MwSt. Reinraumtisch - aus Edelstahl ab € 818,40 inkl. MwSt. MAUL Stehtisch - Platte aus Buche € 207,00 inkl. MwSt. MAUL Tischpult mit Klemmfuß - Platte aus Buche € 219,96 inkl. MwSt. MAUL Tischpult mit Klemmfuß - Platte melaminharzbeschichtet € 183,36 inkl. MwSt. QUIPO Schwerlast-Werktisch - mit Stahlblech-Arbeitsplatte ab € 313,20 inkl. MwSt. QUIPO Schwerlast-Werktisch - mit Multiplex-Arbeitsplatte ab € 364,80 inkl. MwSt. BiGDUG Werkbank - höhenverstellbar, Traglast 450 kg ab € 384,43 inkl. MwSt. BiGDUG Werktisch - höhenverstellbar, Traglast bis zu 300 kg ab € 79,04 inkl. MwSt. BiGDUG Arbeitsstation - 4 Ebenen, Tragkraft 100/300 kg, blau € 124,99 inkl. MwSt. Werkbank mit 2 Schubladenschränken - mit Multiplex-Arbeitsplatte € 543,12 inkl. MwSt. Klapptisch, mit Kunststoffplatte - Höhe 740 mm ab € 100,87 inkl. MwSt. RAU Werktisch, höhenverstellbar - Buche-Platte ab € 391,20 inkl. MwSt. RAU Werktisch, höhenverstellbar - MDF-Platte ab € 351,00 inkl. MwSt. RAU Werktisch, höhenverstellbar - Melamin-Platte ab € 351,00 inkl. MwSt. Reinraumtisch mit Polypropylen-Platte - Gestell aus Edelstahl, Höhe 900 mm ab € 746,40 inkl. MwSt. Reinraumtisch - aus Edelstahl ab € 818,40 inkl. MwSt. MAUL Stehtisch - Platte aus Buche € 207,00 inkl. MwSt. MAUL Tischpult mit Klemmfuß - Platte aus Buche € 219,96 inkl. MwSt. MAUL Tischpult mit Klemmfuß - Platte melaminharzbeschichtet € 183,36 inkl. MwSt. QUIPO Schwerlast-Werktisch - mit Stahlblech-Arbeitsplatte ab € 313,20 inkl. MwSt. QUIPO Schwerlast-Werktisch - mit Multiplex-Arbeitsplatte ab € 364,80 inkl. MwSt. BiGDUG Werkbank - höhenverstellbar, Traglast 450 kg ab € 384,43 inkl. MwSt. BiGDUG Werktisch - höhenverstellbar, Traglast bis zu 300 kg ab € 79,04 inkl. MwSt. BiGDUG Arbeitsstation - 4 Ebenen, Tragkraft 100/300 kg, blau € 124,99 inkl. MwSt. Werkbank mit 2 Schubladenschränken - mit Multiplex-Arbeitsplatte € 543,12 inkl. MwSt. Klapptisch, mit Kunststoffplatte - Höhe 740 mm ab € 100,87 inkl. MwSt. Klappdeckel-Kassenlade - SAFESCAN SD-4617S € 162,79 inkl. MwSt. Kassenlade Low-Duty - SAFESCAN LD-3336 € 75,24 inkl. MwSt. Hängeschrank aus Edelstahl - HxBxT 600 x 350 x 320 mm € 570,24 inkl. MwSt. Hängeschrank aus Edelstahl - HxBxT 600 x 650 x 320 mm € 820,80 inkl. MwSt. Hängeschrank aus Edelstahl - HxBxT 600 x 900 x 320 mm € 945,60 inkl. MwSt. mauser Magazinschrank mit Sichtlagerkästen - HxBxT 1740 x 680 x 280 mm, zweifarbig ab € 422,69 inkl. MwSt. mauser Magazinschrank, einfarbig - HxBxT 820 x 680 x 280 mm, ohne Sichtlagerkästen ab € 297,38 inkl. MwSt. mauser Magazinschrank, zweifarbig - HxBxT 820 x 680 x 280 mm, ohne Sichtlagerkästen ab € 297,38 inkl. MwSt. RAU Unterbau-Container - Breite 580 mm ab € 155,52 inkl. MwSt. Geldkassette - XL-Transportversion € 93,36 inkl. MwSt. Kassenlade - Low-Duty € 88,92 inkl. MwSt. Kassenlade Standard-Duty - SAFESCAN SD-3540 € 117,36 inkl. MwSt. Kassenlade - Standard-Duty € 135,43 inkl. MwSt. Kassenlade - Heavy-Duty € 190,15 inkl. MwSt. Klappdeckel-Kassenlade - SAFESCAN HD-4646S € 203,83 inkl. MwSt. Klappdeckel-Kassenlade - SAFESCAN SD-4617S € 162,79 inkl. MwSt. Kassenlade Low-Duty - SAFESCAN LD-3336 € 75,24 inkl. MwSt. Hängeschrank aus Edelstahl - HxBxT 600 x 350 x 320 mm € 570,24 inkl. MwSt. Hängeschrank aus Edelstahl - HxBxT 600 x 650 x 320 mm € 820,80 inkl. MwSt. Hängeschrank aus Edelstahl - HxBxT 600 x 900 x 320 mm € 945,60 inkl. MwSt. mauser Magazinschrank mit Sichtlagerkästen - HxBxT 1740 x 680 x 280 mm, zweifarbig ab € 422,69 inkl. MwSt. mauser Magazinschrank, einfarbig - HxBxT 820 x 680 x 280 mm, ohne Sichtlagerkästen ab € 297,38 inkl. MwSt. mauser Magazinschrank, zweifarbig - HxBxT 820 x 680 x 280 mm, ohne Sichtlagerkästen ab € 297,38 inkl. MwSt. RAU Unterbau-Container - Breite 580 mm ab € 155,52 inkl. MwSt. Geldkassette - XL-Transportversion € 93,36 inkl. MwSt. Kassenlade - Low-Duty € 88,92 inkl. MwSt. Kassenlade Standard-Duty - SAFESCAN SD-3540 € 117,36 inkl. MwSt. Kassenlade - Standard-Duty € 135,43 inkl. MwSt. Kassenlade - Heavy-Duty € 190,15 inkl. MwSt. Klappdeckel-Kassenlade - SAFESCAN HD-4646S € 203,83 inkl. MwSt. Klappdeckel-Kassenlade - SAFESCAN SD-4617S € 162,79 inkl. MwSt. Kassenlade Low-Duty - SAFESCAN LD-3336 € 75,24 inkl. MwSt. Hängeschrank aus Edelstahl - HxBxT 600 x 350 x 320 mm € 570,24 inkl. MwSt. Hängeschrank aus Edelstahl - HxBxT 600 x 650 x 320 mm € 820,80 inkl. MwSt. Hängeschrank aus Edelstahl - HxBxT 600 x 900 x 320 mm € 945,60 inkl. MwSt. Einradkarre EV 215 - Inhalt 175 l, pulverbeschichtet ab € 279,00 inkl. MwSt. Einradkarre EV 215 - Inhalt 175 l, vollverzinkt € 331,20 inkl. MwSt. Schubkarre V 215-2 - Inhalt 175 l € 375,60 inkl. MwSt. Schubkarre V 215-2 - Inhalt 175 l, niedrig € 375,60 inkl. MwSt. Plattformkarre PK 1 - Tragkraft 200 kg € 363,00 inkl. MwSt. Kipp-Japaner - Vollgummireifen ab € 553,80 inkl. MwSt. Kipp-Japaner - Luftgummireifen ab € 484,80 inkl. MwSt. Japaner - Vollgummireifen ab € 331,20 inkl. MwSt. Japaner - Luftgummireifen ab € 322,80 inkl. MwSt. Zweiradkarren-Kipper - LxBxH 1590 x 740 x 640 mm ab € 473,40 inkl. MwSt. Zweiradkarren-Kipper - LxBxH 1590 x 860 x 640 mm ab € 494,40 inkl. MwSt. Schubkarre LITTLE JOE - Inhalt 135 l € 234,72 inkl. MwSt. Schubkarre BIG BEN - Inhalt 220 l € 283,20 inkl. MwSt. Einradkarre SV 100 - Inhalt 85 l € 162,12 inkl. MwSt. Einradkarre EV 150 - Inhalt 125 l ab € 239,88 inkl. MwSt. Einradkarre EV 215 - Inhalt 175 l, pulverbeschichtet ab € 279,00 inkl. MwSt. Einradkarre EV 215 - Inhalt 175 l, vollverzinkt € 331,20 inkl. MwSt. Schubkarre V 215-2 - Inhalt 175 l € 375,60 inkl. MwSt. Schubkarre V 215-2 - Inhalt 175 l, niedrig € 375,60 inkl. MwSt. Plattformkarre PK 1 - Tragkraft 200 kg € 363,00 inkl. MwSt. Kipp-Japaner - Vollgummireifen ab € 553,80 inkl. MwSt. Kipp-Japaner - Luftgummireifen ab € 484,80 inkl. MwSt. Japaner - Vollgummireifen ab € 331,20 inkl. MwSt. Japaner - Luftgummireifen ab € 322,80 inkl. MwSt. Zweiradkarren-Kipper - LxBxH 1590 x 740 x 640 mm ab € 473,40 inkl. MwSt. Zweiradkarren-Kipper - LxBxH 1590 x 860 x 640 mm ab € 494,40 inkl. MwSt. Schubkarre LITTLE JOE - Inhalt 135 l € 234,72 inkl. MwSt. Schubkarre BIG BEN - Inhalt 220 l € 283,20 inkl. MwSt. Einradkarre SV 100 - Inhalt 85 l € 162,12 inkl. MwSt. Einradkarre EV 150 - Inhalt 125 l ab € 239,88 inkl. MwSt. Einradkarre EV 215 - Inhalt 175 l, pulverbeschichtet ab € 279,00 inkl. MwSt. Einradkarre EV 215 - Inhalt 175 l, vollverzinkt € 331,20 inkl. MwSt. Schubkarre V 215-2 - Inhalt 175 l € 375,60 inkl. MwSt. Schubkarre V 215-2 - Inhalt 175 l, niedrig € 375,60 inkl. MwSt. Plattformkarre PK 1 - Tragkraft 200 kg € 363,00 inkl. MwSt. Fahrregal, Höhe 1588 mm - Fahrregal mit 56 Sichtlagerkästen ab € 628,80 inkl. MwSt. Fahrregal, Höhe 1588 mm - Fahrregal mit 80 Sichtlagerkästen ab € 624,00 inkl. MwSt. Fahrregal, Höhe 1588 mm - Fahrregal mit 120 Sichtlagerkästen ab € 646,80 inkl. MwSt. Fahrregal, Höhe 1588 mm - Fahrregal mit 84 Sichtlagerkästen ab € 805,20 inkl. MwSt. Fahrregal, Höhe 1588 mm - Fahrregal mit 112 Sichtlagerkästen ab € 750,00 inkl. MwSt. EUROKRAFT Fahrregal mit Sichtlagerkästen - mit Arbeitsfläche, HxBxT 940 x 820 x 245 mm € 1.192,80 inkl. MwSt. Rollturm mit 4 REALLY USEFUL BOXEN - 3 x 9 l, 1 x 4 l € 88,56 inkl. MwSt. Reinraumregal - Breite 800 mm ab € 801,60 inkl. MwSt. Reinraumregal - Breite 1000 mm ab € 843,60 inkl. MwSt. Fahrregal, Höhe 1588 mm - Fahrregal für 56 Sichtlagerkästen ab € 399,00 inkl. MwSt. Fahrregal, Höhe 1588 mm - Fahrregal für 80 Sichtlagerkästen ab € 421,20 inkl. MwSt. Fahrregal, Höhe 1588 mm - Fahrregal für 120 Sichtlagerkästen ab € 447,00 inkl. MwSt. Fahrregal, Höhe 1588 mm - Fahrregal für 84 Sichtlagerkästen ab € 316,20 inkl. MwSt. Fahrregal, Höhe 1588 mm - Fahrregal für 112 Sichtlagerkästen ab € 309,24 inkl. MwSt. Fahrregal, Höhe 1588 mm - Fahrregal für 160 Sichtlagerkästen ab € 336,60 inkl. MwSt. Fahrregal, Höhe 1588 mm - Fahrregal mit 56 Sichtlagerkästen ab € 628,80 inkl. MwSt. Fahrregal, Höhe 1588 mm - Fahrregal mit 80 Sichtlagerkästen ab € 624,00 inkl. MwSt. Fahrregal, Höhe 1588 mm - Fahrregal mit 120 Sichtlagerkästen ab € 646,80 inkl. MwSt. Fahrregal, Höhe 1588 mm - Fahrregal mit 84 Sichtlagerkästen ab € 805,20 inkl. MwSt. Fahrregal, Höhe 1588 mm - Fahrregal mit 112 Sichtlagerkästen ab € 750,00 inkl. MwSt. EUROKRAFT Fahrregal mit Sichtlagerkästen - mit Arbeitsfläche, HxBxT 940 x 820 x 245 mm € 1.192,80 inkl. MwSt. Rollturm mit 4 REALLY USEFUL BOXEN - 3 x 9 l, 1 x 4 l € 88,56 inkl. MwSt. Reinraumregal - Breite 800 mm ab € 801,60 inkl. MwSt. Reinraumregal - Breite 1000 mm ab € 843,60 inkl. MwSt. Fahrregal, Höhe 1588 mm - Fahrregal für 56 Sichtlagerkästen ab € 399,00 inkl. MwSt. Fahrregal, Höhe 1588 mm - Fahrregal für 80 Sichtlagerkästen ab € 421,20 inkl. MwSt. Fahrregal, Höhe 1588 mm - Fahrregal für 120 Sichtlagerkästen ab € 447,00 inkl. MwSt. Fahrregal, Höhe 1588 mm - Fahrregal für 84 Sichtlagerkästen ab € 316,20 inkl. MwSt. Fahrregal, Höhe 1588 mm - Fahrregal für 112 Sichtlagerkästen ab € 309,24 inkl. MwSt. Fahrregal, Höhe 1588 mm - Fahrregal für 160 Sichtlagerkästen ab € 336,60 inkl. MwSt. Fahrregal, Höhe 1588 mm - Fahrregal mit 56 Sichtlagerkästen ab € 628,80 inkl. MwSt. Fahrregal, Höhe 1588 mm - Fahrregal mit 80 Sichtlagerkästen ab € 624,00 inkl. MwSt. Fahrregal, Höhe 1588 mm - Fahrregal mit 120 Sichtlagerkästen ab € 646,80 inkl. MwSt. Fahrregal, Höhe 1588 mm - Fahrregal mit 84 Sichtlagerkästen ab € 805,20 inkl. MwSt. Fahrregal, Höhe 1588 mm - Fahrregal mit 112 Sichtlagerkästen ab € 750,00 inkl. MwSt. Außen-Abfallsammler - Inhalt 60 l, mit Rohrbogen und Dach ab € 621,60 inkl. MwSt. EUROKRAFT System-Wertstoffsammler 70 l - mit Innenbehälter, handbetätigt, Tiefe 450 mm € 488,40 inkl. MwSt. Wertstoffsammelstation, Höhe 850 mm - Korpus transparent € 1.392,00 inkl. MwSt. Wertstoffsammelstation, Höhe 850 mm - Korpus Edelstahl € 1.392,00 inkl. MwSt. Wertstoffsammelstation, Höhe 850 mm - Korpus schwarz € 1.176,00 inkl. MwSt. Abfallsammler, Swingdeckel - Inhalt 45 l ab € 112,44 inkl. MwSt. Touch-Abfallsammler - Inhalt 45 l, mit Müllklemmring ab € 112,44 inkl. MwSt. Abfallsammler, Einwurfloch - Inhalt 45 l ab € 112,44 inkl. MwSt. Touch-Abfallbox - Inhalt 60 l ab € 94,20 inkl. MwSt. Außen-Abfallsammler - aus Stahlblech, Inhalt 30 l ab € 253,80 inkl. MwSt. Außen-Abfallsammler - Inhalt 30 l, mit Rohrgestell € 504,60 inkl. MwSt. Außen-Abfallsammler - Inhalt 30 l, Edelstahl ab € 556,20 inkl. MwSt. Außen-Abfallsammler - Inhalt 30 l, mit Rohrbogen ab € 556,20 inkl. MwSt. Außen-Abfallsammler - Inhalt 30 l, mit Rohrbogen und Dach € 583,80 inkl. MwSt. Außen-Abfallsammler - Inhalt 60 l, mit Rohrbogen ab € 595,80 inkl. MwSt. Außen-Abfallsammler - Inhalt 60 l, mit Rohrbogen und Dach ab € 621,60 inkl. MwSt. EUROKRAFT System-Wertstoffsammler 70 l - mit Innenbehälter, handbetätigt, Tiefe 450 mm € 488,40 inkl. MwSt. Wertstoffsammelstation, Höhe 850 mm - Korpus transparent € 1.392,00 inkl. MwSt. Wertstoffsammelstation, Höhe 850 mm - Korpus Edelstahl € 1.392,00 inkl. MwSt. Wertstoffsammelstation, Höhe 850 mm - Korpus schwarz € 1.176,00 inkl. MwSt. Abfallsammler, Swingdeckel - Inhalt 45 l ab € 112,44 inkl. MwSt. Touch-Abfallsammler - Inhalt 45 l, mit Müllklemmring ab € 112,44 inkl. MwSt. Abfallsammler, Einwurfloch - Inhalt 45 l ab € 112,44 inkl. MwSt. Touch-Abfallbox - Inhalt 60 l ab € 94,20 inkl. MwSt. Außen-Abfallsammler - aus Stahlblech, Inhalt 30 l ab € 253,80 inkl. MwSt. Außen-Abfallsammler - Inhalt 30 l, mit Rohrgestell € 504,60 inkl. MwSt. Außen-Abfallsammler - Inhalt 30 l, Edelstahl ab € 556,20 inkl. MwSt. Außen-Abfallsammler - Inhalt 30 l, mit Rohrbogen ab € 556,20 inkl. MwSt. Außen-Abfallsammler - Inhalt 30 l, mit Rohrbogen und Dach € 583,80 inkl. MwSt. Außen-Abfallsammler - Inhalt 60 l, mit Rohrbogen ab € 595,80 inkl. MwSt. Außen-Abfallsammler - Inhalt 60 l, mit Rohrbogen und Dach ab € 621,60 inkl. MwSt. EUROKRAFT System-Wertstoffsammler 70 l - mit Innenbehälter, handbetätigt, Tiefe 450 mm € 488,40 inkl. MwSt. Wertstoffsammelstation, Höhe 850 mm - Korpus transparent € 1.392,00 inkl. MwSt. Wertstoffsammelstation, Höhe 850 mm - Korpus Edelstahl € 1.392,00 inkl. MwSt. Wertstoffsammelstation, Höhe 850 mm - Korpus schwarz € 1.176,00 inkl. MwSt. MAUL Schaukasten, Außentiefe 27 mm - Außenhöhe 655 mm ab € 107,48 inkl. MwSt. MAUL Schaukasten, Außentiefe 27 mm - Außenhöhe 963 mm ab € 185,04 inkl. MwSt. MAUL Schaukasten, Außentiefe 35 mm - Außenhöhe 692 mm ab € 280,20 inkl. MwSt. MAUL Schaukasten, Außentiefe 35 mm - Außenhöhe 989 mm ab € 415,20 inkl. MwSt. MAUL Schaukasten, Außentiefe 35 mm - Außenhöhe 1286 mm € 522,00 inkl. MwSt. Dataflex Trolley VIEWMATE COMBO AV - für einen Monitor € 640,80 inkl. MwSt. Dataflex Konferenztrolley VIEWMATE COMBO - für zwei Monitore € 721,20 inkl. MwSt. Dataflex Dateneingabe-Trolley VIEWMATE COMBO - für Monitor, Tastatur, Small Form Factor PC € 781,20 inkl. MwSt. Magnetstreifen - LxB 500 x 20 mm, VE 18 Stk ab € 35,28 inkl. MwSt. Magnetplatte - Format DIN A4, VE 6 Stk ab € 36,12 inkl. MwSt. MAUL Whiteboard - Oberfläche kunststoffbeschichtet ab € 67,32 inkl. MwSt. MAUL Whiteboard - Oberfläche emailliert ab € 84,12 inkl. MwSt. MAUL Whiteboard-Klapptafel - Höhe 1000 mm ab € 390,60 inkl. MwSt. MAUL Kundenstopper, doppelseitig - Aluminium ab € 122,28 inkl. MwSt. MAUL Schaukasten, Außentiefe 27 mm - Außenhöhe 350 mm ab € 54,96 inkl. MwSt. MAUL Schaukasten, Außentiefe 27 mm - Außenhöhe 655 mm ab € 107,48 inkl. MwSt. MAUL Schaukasten, Außentiefe 27 mm - Außenhöhe 963 mm ab € 185,04 inkl. MwSt. MAUL Schaukasten, Außentiefe 35 mm - Außenhöhe 692 mm ab € 280,20 inkl. MwSt. MAUL Schaukasten, Außentiefe 35 mm - Außenhöhe 989 mm ab € 415,20 inkl. MwSt. MAUL Schaukasten, Außentiefe 35 mm - Außenhöhe 1286 mm € 522,00 inkl. MwSt. Dataflex Trolley VIEWMATE COMBO AV - für einen Monitor € 640,80 inkl. MwSt. Dataflex Konferenztrolley VIEWMATE COMBO - für zwei Monitore € 721,20 inkl. MwSt. Dataflex Dateneingabe-Trolley VIEWMATE COMBO - für Monitor, Tastatur, Small Form Factor PC € 781,20 inkl. MwSt. Magnetstreifen - LxB 500 x 20 mm, VE 18 Stk ab € 35,28 inkl. MwSt. Magnetplatte - Format DIN A4, VE 6 Stk ab € 36,12 inkl. MwSt. MAUL Whiteboard - Oberfläche kunststoffbeschichtet ab € 67,32 inkl. MwSt. MAUL Whiteboard - Oberfläche emailliert ab € 84,12 inkl. MwSt. MAUL Whiteboard-Klapptafel - Höhe 1000 mm ab € 390,60 inkl. MwSt. MAUL Kundenstopper, doppelseitig - Aluminium ab € 122,28 inkl. MwSt. MAUL Schaukasten, Außentiefe 27 mm - Außenhöhe 350 mm ab € 54,96 inkl. MwSt. MAUL Schaukasten, Außentiefe 27 mm - Außenhöhe 655 mm ab € 107,48 inkl. MwSt. MAUL Schaukasten, Außentiefe 27 mm - Außenhöhe 963 mm ab € 185,04 inkl. MwSt. MAUL Schaukasten, Außentiefe 35 mm - Außenhöhe 692 mm ab € 280,20 inkl. MwSt. MAUL Schaukasten, Außentiefe 35 mm - Außenhöhe 989 mm ab € 415,20 inkl. MwSt. MAUL Schaukasten, Außentiefe 35 mm - Außenhöhe 1286 mm € 522,00 inkl. MwSt. Bewertungen 4.7 / 5 383 Bewertungen Büroeinrichtung und Betriebsausstattung – online bestellen bei Certeo.atCerteo ist Ihr Spezialist für Büro und BetriebWe equip your business – Mit unseren Produkten statten Sie Ihr Unternehmen komplett aus. Dabei steht Certeo für ausgezeichnete Qualität, erstklassigen Service und Zuverlässigkeit.Egal ob Sie Ihr Büro modern, klassisch, zeitlos oder mit Design-Produkten ausstatten möchten – im Online-Shop finden Sie alles für die professionelle Büroeinrichtung. Mit unserem Büro-Sortiment sind Sie am Arbeitsplatz stets organisiert und bestens für den Arbeitstag gerüstet. Hochwertige Büromöbel vom Schreibtisch über Aktenregale und Schränke bis hin zu Beistellmöbeln, Komplett-Büros sowie Büromaterial erhalten Sie bei Certeo in großer Auswahl. Entscheiden Sie sich für einen ergonomischen Bürodrehstuhl oder einen repräsentativen Chefsessel, für einen höhenverstellbaren Schreibtisch oder einen großzügigen Konferenztisch? Auch Präsentationstechnik und Hilfsmittel für die Büroorganisation sind verfügbar.Rund um die Betriebsausstattung bietet Certeo eine große Auswahl an Produkten für jedes Unternehmen. Mit uns richten Sie den Empfangsbereich, das Archiv, die Werkstatt, die Lagerhalle, den Pausenraum, die Kantine, die Umkleide oder den Konferenzraum perfekt ein. Auch für den gepflegten Außenbereich haben wir alles Wichtige, ob Parkbänke, Fahrradständer, Parkbügel oder Lösungen für die Abfallentsorgung. Darüber hinaus gibt es bei Certeo praktische und nützliche Hilfsmittel für den Betriebsalltag, darunter Reinigungsgeräte, Leitern, Tresore, Schließfächer oder auch dekorative Vitrinen.Für die Lagerung und den Transport bieten wir vielseitige Lösungen, z.B. flexible Schraub- und Steckregale, Tonnen, Fässer und Kanister. Transporthilfen für den Einsatz in Werkstatt, Lager, Büro oder Versand von der Sackkarre bis zum Paletthubwagen erhalten Sie ebenfalls im Online-Shop.Zertifizierter Shop mit ausgezeichneter KundenzufriedenheitAls Trusted Shop und mit dem Euro-Label zertifizierter Online-Anbieter für Büroeinrichtung und Betriebsausstattung ist Certeo seit 2009 am Markt etabliert. Die hochwertigen Qualitäts-Produkte besitzen mindestens drei Jahre Garantie und sind daher ideal für den professionellen Einsatz. Namhafte Marken wie Bisley, Lista, Bimos, Hailo, Kärcher, Mauser, Topstar, Rubbermaid und Magnetoplan stehen für bewährte Qualität.Kundenzufriedenheit hat bei Certeo höchste Priorität. Bei uns bestellen Sie versandkostenfrei und ohne Mindestbestellwert. Faire Preise und attraktive Rabatte zeichnen uns ebenso aus wie der erstklassige Service. Unsere Experten beraten Sie kompetent und persönlich – am Telefon, per Mail oder im Live-Chat. Auf Wunsch erstellen wir ein individuelles Angebot für Sie.Viele Produkte haben wir auf Lager vorrätig und können daher eine schnelle Lieferung innerhalb weniger Werktage gewährleisten. Sind Sie nicht zufrieden, können Sie die Ware innerhalb von 30 Tagen kostenlos zurückgeben. Sie rufen an, wir holen ab!Zusätzlich bieten wir die Möglichkeit von Sonderanfertigungen an. Kontaktieren Sie uns einfach! Schnell, sicher und unkompliziert – das ist Certeo.Besuchen Sie uns auch auf unseren Social-Media-Kanälen. Im Certeo Blog erfahren Sie Wissenswertes, Tipps und Unterhaltsames. Mehr > Melden Sie sich zum Newsletter an und erhalten Sie 5% Rabatt. Hier registrieren!Kontaktdaten0800 23 45 400800 23 43 46 Montag bis Donnerstag 8:00-19:00 Uhr Freitag 8:00-18:00 UhrCerteo in sozialen NetzwerkenCerteo InternationalInformationenImpressumAGBDatenschutzUmweltschutzIhre BestellungFragen und AntwortenReklamationenBest Price GarantieBestsellerSchmutzfangmattenParavent-SystemeSackkarrenAktenvernichterTop-KategorienBüroausstattungBetriebsausstattungSchränkeTransport © 2017 Certeo. Alle Rechte vorbehaltenDie Cookie-Einstellungen auf dieser Webseite sind auf „alle Cookies erlauben“ gestellt, um Ihnen das beste Erlebnis zu ermöglichen. Wenn Sie fortfahren ohne diese Einstellung zu ändern, stimmen Sie diesen zu. Sie können Ihre Einstellungen aber jederzeit unten auf dieser Seite ändern.Einstellungen ändernWeiter Powered by Userlike Wir sind für Sie da certeo.at Live-Chat "
29,closeup.de," Poster & Merchandise jetzt bestellen-Close Up GmbH Zertifizierter Shop Schnelle Lieferung Hotline +49 711 450 45 66 Sprache Deutsch EnglishFrançaisMenüSucheMein Close Up0WunschlisteWarenkorbNeuheitenALLES ANZEIGENNeuzugängeder letzten 30 Tageder letzten 60 Tageder letzten 90 TageThemenALLE ANZEIGENFILMEMUSIKSERIENGAMESCOMICANIME & MANGAAliensAssassin's CreedAvengersBanksyBatmanBeauty and the BeastBig Bang TheoryBreaking BadCall of DutyDC ComicsDeadpoolDisneyDoctor WhoDragonball ZEinhornDoctor StrangeFallout 4Fantastic BeastsFreitag der 13.FrozenFive Nights at Freddy`sFUNKO Pop!Game of ThronesGuardians of the GalaxyHarry PotterHerr der RingeIron ManJack Daniel'sJames BondJustice LeagueMarvelMinecraftMinionsNintendoOverwatchPeanutsPusheenResident EvilRick and MortySesamstraßeSherlockSheepworldSimpsonsSpider-ManStar TrekStar Wars I - VIIIStranger ThingsSuicide SquadSupermanSupernaturalTarantinoThe Walking DeadThor RagnarokUnchartedVolkswagenWonder WomanZeldaPosterALLE ANZEIGENPoster GroßformatPoster KleinformatXXL PosterLangbahnposter3D-PosterPoster MiniformatKunstdruckeGerahmte KunstdruckeFototapetenRahmen & LeistenWeltkartenPoster »Janette«TextilienALLES ANZEIGENBadetücher & BademantelBettwäsche & KissenCaps & MützenFun ShirtsGirlie ShirtsJacken, Hosen & PulloverKoch- & GrillschürzenKuscheldeckenT-ShirtsSchuheSonstige TextilienT-SHIRT WERKSTATTFanartikelALLES ANZEIGENBad & WCBlechschilderButtonsFigurenFußmatten & TeppicheGeldbörsenKalender 2018Kostüme & Co.KücheLeuchtenMasken & SchminksetsPappaufstellerPostkartenSchlüsselanhängerSchmuckSchreibwarenSpardosenSpiegelSpiele & PuzzleTaschenTassen, Gläser, SchalenUhren, WeckerSonstiges MerchandiseGeschenkeGESCHENKE ...Für SieFür IhnFür die KleinenFür VerliebteFür TierliebhaberFür Gamer & NerdsFür MusikliebhaberFür jeden GeschmackFertige GeschenksetsRunde GeburtstageHochzeit, Geburt & CoFür GroßelternTHEMENMade by Close Up®Back to SchoolDekorationEinhornFun PosterFun ShirtsFun TassenFussballGönn dir eine Auszeit!Happy HalloweenKindergeburtstagParty, Party, PartyPusheenScherzartikelSheepworldTropical FeelingX-MasSALE %ALLES ANZEIGENSchnäppchenKino & TVComicGeschenktippSonstigeGames/RollenspieleScience FictionFunFantasyFaschingTiereKunstMarkenSprücheSport & AutosParty ZubehörLiebeStadt, Land, FlussWeihnachtenMusikStars & PersönlichkeitenIllusionenMotivationSchwarz-WeißFotografie BestsellerNeuheitenPosterThemenTextilienGeschenkideenFanartikelClose Up Exklusiv Close Up, dein Shop für Poster, Shirts, Fanartikel und Geschenke! Top-Marken: Willkommen bei Close Up Du bist Fan einer TV-Serie, gehst gerne ins Kino oder zockst Computerspiele? Du liebst es, deine Bude zu dekorieren? Oder suchst du ein ausgefallenes, witziges Geschenk? Dann bist du hier bei Close Up genau an der richtigen Adresse. Unser Shop ist Trusted Shops zertifiziert, sehr sicher und die Lieferung erfolgt zuverlässig und schnell.Auf die Qualität kommt es an! Bei uns werden die Poster plano liegend und somit besonders sorgfältig gelagert. Dies garantiert, dass unsere Poster stets faltenfrei verpackt werden können. Alles Poster werden dann in Schutzpapier eingerollt, damit dein Wunschposter in perfekter Qualität und ohne Knicke und Kratzer bei dir ankommt. In unserem Sortiment findest du zu deinem Poster auch die passende Aufhängung. Das kann ein Rahmen sein, oder aber auch Posterleisten oder tesa Powerstrips® für Poster.Close Up ist der Spezialist für Poster! Mit Poster hat alles angefangen und Poster sind unsere Stärke! Wir führen mehr als 3.500 Poster und Kunstdrucke aus verschiedenen Bereichen wie Film, Musik, Personality, oder auch Landschaft, Motivationsposter oder Spaßposter. Du findest bei Close Up Poster in verschiedenen Größen. Das Standardformat ist 61x91,5cm, sie gibt es hochkant oder quer. Aber es gibt auch Riesenposter, die auch XXL-Poster genannt werden und meist 100x140cm groß sind. Ferner führt Close Up sog. Langbahnposter, die auch als Türposter bezeichnet werden, da sie dort genau hinpassen und das Format einer Tür haben. Für den kleineren Geldbeutel oder für weniger Platz führen wir auch viele kleinformatige Poster.Bei Close Up gibt es Merchandise! Du suchst Fanartikel für deinen Kumpel, der gerne zockt? Was schenkst du einem Filmfreak? Du suchst Fanartikel zu deinem Lieblingsthema? Bei Close Up findest du eine riesige Auswahl an Fanartikeln (engl. Merchandise). Gib einfach deinen Suchbegriff oben in das Suchfenster ein. Für alle Sammler und Fans bietet Close Up kultige Actionfiguren und Plüschfiguren von Film- und Games-Charakteren sowie bekannten Musik-Größen an. Du liebst es dich mit einem lustigen Spruch oder einem netten Motiv auf einem T-Shirt von der Masse abzuheben? Oder willst du wie Sheldon ein T-Shirt mit Comicmotiv tragen? In unserem Sortiment für T-Shirts und Girlie-Shirts wirst du bestimmt fündig. Wenn du ausgefallene, witzige Geschenkideen günstig online kaufen möchtest, schaue in unser spezielles Sortiment für Geschenke. Egal ob für Weihnachten, den Geburtstag oder einfach die nächste Party, bei uns findest du bestimmt das passende und originelle Geschenk für jeden Anlass. Service & KontaktFreundlicher Service +49 711 450 45 66 Mo - Fr von 9 bis 18 Uhr E-Mail Anfragenservice@closeup.de Über unsWir über uns Kooperationen Das Team Close Up Shops Anfahrtsplan AGB Datenschutz Hilfe / FAQ Beschwerden / Streitschlichtung ImpressumZahlungsartenNewsletterNewsletterJetzt anmelden, um alle Trends, Angebote und Gutscheine per E-Mail zu erhalten!Mein CloseUp Mein Close Up WunschlisteVersandartenSocial MediaAGB Impressum Datenschutz Kontakt Beschwerden / StreitschlichtungPreisangaben inkl. gesetzl. MwSt. und zzgl. Service- und Versandkosten. Nach oben NeuheitenALLES ANZEIGENNeuzugängeder letzten 30 Tageder letzten 60 Tageder letzten 90 TageThemenALLE ANZEIGENFILMEMUSIKSERIENGAMESCOMICANIME & MANGAAliensAssassin's CreedAvengersBanksyBatmanBeauty and the BeastBig Bang TheoryBreaking BadCall of DutyDC ComicsDeadpoolDisneyDoctor WhoDragonball ZEinhornDoctor StrangeFallout 4Fantastic BeastsFreitag der 13.FrozenFive Nights at Freddy`sFUNKO Pop!Game of ThronesGuardians of the GalaxyHarry PotterHerr der RingeIron ManJack Daniel'sJames BondJustice LeagueMarvelMinecraftMinionsNintendoOverwatchPeanutsPusheenResident EvilRick and MortySesamstraßeSherlockSheepworldSimpsonsSpider-ManStar TrekStar Wars I - VIIIStranger ThingsSuicide SquadSupermanSupernaturalTarantinoThe Walking DeadThor RagnarokUnchartedVolkswagenWonder WomanZeldaPosterALLE ANZEIGENPoster GroßformatPoster KleinformatXXL PosterLangbahnposter3D-PosterPoster MiniformatKunstdruckeGerahmte KunstdruckeFototapetenRahmen & LeistenWeltkartenPoster »Janette«TextilienALLES ANZEIGENBadetücher & BademantelBettwäsche & KissenCaps & MützenFun ShirtsGirlie ShirtsJacken, Hosen & PulloverKoch- & GrillschürzenKuscheldeckenT-ShirtsSchuheSonstige TextilienT-SHIRT WERKSTATTFanartikelALLES ANZEIGENBad & WCBlechschilderButtonsFigurenFußmatten & TeppicheGeldbörsenKalender 2018Kostüme & Co.KücheLeuchtenMasken & SchminksetsPappaufstellerPostkartenSchlüsselanhängerSchmuckSchreibwarenSpardosenSpiegelSpiele & PuzzleTaschenTassen, Gläser, SchalenUhren, WeckerSonstiges MerchandiseGeschenkeGESCHENKE ...Für SieFür IhnFür die KleinenFür VerliebteFür TierliebhaberFür Gamer & NerdsFür MusikliebhaberFür jeden GeschmackFertige GeschenksetsRunde GeburtstageHochzeit, Geburt & CoFür GroßelternTHEMENMade by Close Up®Back to SchoolDekorationEinhornFun PosterFun ShirtsFun TassenFussballGönn dir eine Auszeit!Happy HalloweenKindergeburtstagParty, Party, PartyPusheenScherzartikelSheepworldTropical FeelingX-MasSALE %ALLES ANZEIGENSchnäppchenKino & TVComicGeschenktippSonstigeGames/RollenspieleScience FictionFunFantasyFaschingTiereKunstMarkenSprücheSport & AutosParty ZubehörLiebeStadt, Land, FlussWeihnachtenMusikStars & PersönlichkeitenIllusionenMotivationSchwarz-WeißFotografie KATEGORIEmehr anzeigen ...PRODUKTESUCHE NACH "
30,club-blaues-meer.de," Start: Club Blaues Meer Reisen Familie Wandern Radfahren Golf Flair Premium Wellness Adults Only Business Barrierefrei +49 (0) 2902 97260 Haben Sie Fragen?Unsere Mitarbeiter (9-18 Uhr) helfen Ihnen gerne weiter! Club Blaues Meer Reisen Mallorca Individuell Such-Details Bitte füllen Sie mindestens eins der nachstehenden Felder aus Suchbegriff Ort alle Alaró Alcudia Arenal Ca'n Pastilla Ca'n Picafort Cabo Blanco Cala d'Or Cala Figuera Cala Major Cala Mesquida Cala Millor Cala Mondragó Cala Murada Cala Ratjada Cala San Vicente Cala Santanyi Cala Viñas Calas de Mallorca Camp de Mar Campos Canyamel Colonia de Sant Pere Colonia Sant Jordi Costa d'en Blanes Costa de los Pinos Deià Estellencs Felanitx Formentera - Es Pujols Formentera - Playa Mitjorn Formentera - Punta Prima Ibiza - Figueretas Ibiza - Playa d'en Bossa Ibiza - San Antonio Ibiza - Santa Eulalia Ibiza - Talamanca Illetas Llucmajor Manacor Montuiri Orient Paguera Palma Nova Palma Stadt Playa de Formentor Playa de Palma Porreres Portals Nous Porto Colom Porto Cristo Porto Petro Puerto de Andratx Puerto de Sóller Puerto Pollensa Randa S'Illot Sa Coma Santa Ponsa Selva Sineu Sóller Son Campaner Son Servera Valldemossa Austattung alle 1-2 Sterne 3 Sterne 4 Sterne 4 Sterne superior 5 Sterne Kinderermäßigung bis 14 Jahre Kinderermäßigung bis 15 Jahre Kinderermäßigung bis 16 Jahre Single + Kind Adults only Familienzimmer App. bis 4 Pers. App. bis 5 Pers. App. bis 6 Pers. Ruhige Lage Design-Hotel Stadthotel Sporthotel Pension LandHotel Finca Luxushotel Familienhotel Clubhotel Konferenzhotel All Inclusive Reiten Wellness + Spa Flair Tennis Wandern Tauchen Surfen Radfahren Triathlon Golf » Suche starten Menü HotelsHotels nach Orten+MallorcaIbizaFormenteraThemenreisen+FamilieWandernRadfahrenGolfFlairPremiumWellnessAdults onlyBusinessBarrierefreiweitere Themen+TriathlonTennisFincaHotels am StrandReitenGünstige HotelsDesignhotelsGlutenfreie KostAngeboteInfos+Fragen und AntwortenKatalogNewsletter+AnmeldungAbmeldungAktueller NewsletterÜber unsDownloads Herzlich willkommen auf Mallorca Immer Neues entdecken Palma Hotels in Palma Colonia Sant Jordi Hotels in Colonia Sant Jordi Deia Hotels in Deià Camp de Mar Hotels in Camp de Mar Cap Formentor Hotels in Formentor Punta Negra Hotel Punta Negra Puerto de Soller Hotels in Puerto de Soller Es Trenc Hotels in Colonia Sant Jordi Son Marroig Westküste Familie Wandern Radfahren Golf Flair Premium Wellness Adults Only Business Barrierefrei Top Reiseziele Mallorca Ibiza Formentera Alcudia Cala Ratjada Colonia Sant Jordi Paguera Playa de Palma weitere Orte » Angebote des Monats Be Live Son Antem Be Live Son Antem Llucmajor Doppelzimmer mit Frühstück 04.12. bis 21.12.17 43,00 pro Person und Tag Blau Colonia Sant Jordi Blau Colonia Sant Jordi Resort Colonia Sant Jordi Doppelzimmer mit Halbpension 26.01. bis 28.02.2018 39,00 pro Person und Tag Keine Angebote mehr verpassen?» Melden Sie sich jetzt bei unserem Newsletter an und erhalten Sie 14-tägig unsere aktuellen Angebote! « Haben Sie Fragen?Sie haben Fragen zu Ihrer Buchung oder möchten über ein Hotel ausführlicher informiert werden? Dann schreiben Sie uns über das nebenstehende Kontaktformular eine Nachricht.Gerne können Sie sich auch telefonisch oder via Facebook bei uns melden. Name * E-Mail-Adresse * Anfrage * Captcha - SPAM Protection * Katalog 2018 downloaden » anfordern » Buchung HotelbuchungFlugMietwagenTransferGruppenreisenIncentivereisenReiseschutz Top-Reiseziele Mallorca Alcudia Ca'n Picafort Cala d'Or Cala Millor Cala Ratjada Colonia Sant Jordi Paguera Playa de Palma Puerto Pollensa Sa Coma Club Blaues Meer Reisen e.K. Alte Kreisstraße 13 59581 Warstein Telefon 02902 97260 info@club-blaues-meer.de Kundenstimmen AddThis Sharing ButtonsShare to TwitterTwitterShare to E-MailEmailShare to DruckenPrintShare to Mehr...Addthis ImpressumAGBDatenschutz © Club Blaues Meer Reisen Diese Website benutzt Cookies.Wir benutzen Cookies, um unsere Website stetig zu verbessern. Wenn Sie ohne Änderung Ihrer Cookie-Einstellungen auf unserer Seite weitersurfen, gehen wir von Ihrem Einverständnis aus.WeiterInformationenx"
31,conmoto.com," Conmoto - Home page JavaScript scheint in Ihrem Browser deaktiviert zu sein. Um unsere Website in bester Weise zu erfahren, aktivieren Sie Javascript in Ihrem Browser. Händler in Ihrer Nähe: (ändern) Suche Suche Anmelden DE EN ShopProduktkategorienSerienDesignerSaleKatalogeProjektmanufakturProjekteProjektablaufProdukt-KonfiguratorEntdeckenUnternehmen & HistorieShowroomNews und PresseConmoto GalleryPopUp Outlet BeratungMein KontoWarenkorb Navigation umschalten Lieblingsplätze Wir sorgen für das Besondere im Raum und schaffen neue Lieblingsplätze. Ihre. Jetzt entdecken Freiheit Mehr als ein Gefühl– eine Lebensphilosophie. Jetzt entdecken Farbenfroh Das Leben schenkt unzählige Farben. Wir nutzen diese. Serie MITO entdecken Zuhause Persönlichkeit macht den Menschen aus. Und das Zuhause. Mehr erfahren Startseite Sitzmöbel Produktwelt Tauchen Sie in unsere vielfältige Produktwelt ein und entdecken Sie Produkte für den In- und Outdoorbereich Produktwelt entdecken Lounge Regale Garten Accessoires Kamine Kissentruhen Tische Produktserie TICINO Couchtisch, Pflanzgefäß, Schattenspender und Raumteiler: Mit der neuen Ticino-Serie verwandeln Sie Räume und Terrassen nach Belieben. Sie können Ticino drehen und wenden, wie Sie wollen – die architektonischen Gestaltungsmöglichkeiten der hochwertigen Möbel sind nahezu grenzenlos. Serie kennen lernen Produktserie RIVA Der Klassiker von conmoto. Vielseitig und robust zugleich. Die Möbel können ganzjährig ganzjährig im Innen- und Außenbereich eingesetzt werden Serie kennen lernen Produktserie TENSION Diese Serie glänzt besonders durch ihre Vielfältigkeit und Robustheit t: extrem kratz- und stoßfest, formstabil, fleckenunempfindlich, lichtecht, wasserfest, wetterbeständig. Es kann ganzjährig im Innen- und Außenbereich eingesetzt werden Serie kennen lernen Produktserie PAD COLLECTION Der Klassiker von conmoto. Vielseitig und robust zugleich. Die Möbel können ganzjährig ganzjährig im Innen- und Außenbereich eingesetzt werdenDie Pad Kollektion von Werner Aisslinger bietet eine Symbiose von traditionellen Möbeltypologien, wie Ess-und Arbeitstisch, Coffetable oder Wandkonsole mit modernen Lademöglichkeiten für elektronische Alltagshilfen und deren Ladegeräte, die in einer eleganten Schale aus 100 % recyclebarem Formfleece ihren Platz finden. Serie kennen lernen Produktserie SOTOMON Der Klassiker von conmoto. Vielseitig und robust zugleich. Die Möbel können ganzjährig ganzjährig im Innen- und Außenbereich eingesetzt werden Serie kennen lernen Produktserie KARO KARO ist herrlich flexibel und macht als Beistelltisch eine ebenso gute Figur wie als Couchtisch oder Raumteiler. Zusätzliche Inlays und Accessoires ergänzen das funktional ansprechende Modul-System des Designers Pascal Bosetti. Serie kennen lernen RED BULL Objektbereich DUDU 31 Objektbereich Projekte Hier entstehen individuelle Objekte für unterschiedliche Einsätze, immer exakt zugeschnitten auf Anforderungen und Ziele Nehmen Sie Kontakt auf Internationale Möbelmesse Messen Vinothek par Terre Objektbereich UNSERE DESIGNER EMPFEHLEN ""Das Ziel meiner Arbeit ist es, Formen zu schaffen, die über längere Zeit Bestand haben können"" Peter Maly Designer entdecken UNSERE DESIGNER EMPFEHLEN ""Ideen entstehen aus der Hingabe zu Materialien und zur natürlichen Vitalität, aus der Begeisterung für die Vielfalt der Kulturen."" Carsten Gollnick Designer entdecken UNSERE DESIGNER EMPFEHLEN ""conmoto ist für mich eine sehr sympathische Firma."" Maly Hoffmann Kahleyss Designer entdecken UNSERE DESIGNER EMPFEHLEN ""Für uns ist die Geschichte eines Produktes wichtig. Wir entwerfen durchdachte, funktionelle aber natürlich auch ästhetische Produkte, die sowohl technisch, qualitativ als auch optisch höchsten Ansprüchen genügen sollen."" Michael Sieger Designer entdecken Individuelle Lösungen für Sie Produkt-Konfigurator Händler in Ihrer Nähe Karte anzeigen Meinen Händler ändernHändlersuche 23.01.2017IMM COLOGNE 2017 & CONMOTOIm Rahmen der Internationalen Möbelmesse in Köln (IMM), bei der sich alles um die Interior-Trends von morgen dreht, durften auch die Produktneuheiten von conmoto nicht fehlen. Spannende Neuheiten für den In-und Outdoorbereich, welche u.a. von Pascal Bosetti, Werner Aisslinger und Carsten Gollnick entworfen wurden, sorgen so für neue Design-Hingucker für Garten und Haus. Kollektionen wie ALU MITO, PLANE, das PAD Board oder aber die STAIRS bieten nun ganz offiziell neue Möglichkeiten Design mit Funktionalität zu verbinden. Weitere News Kontakt AGB Impressum "
32,creative-beads.com," | Creative Beads Perlen und Schmuckzubehör GelesenDiese Seite benutzt Cookies, um Ihnen das bestmögliche Einkaufserlebnis zu bieten. Weitere Info in der DatenschutzerklärungCookie Consent plugin for the EU cookie law Um Creative Beads Perlen und Schmuckzubehör in vollem Umfang nutzen zu können, empfehlen wir Ihnen Javascript in Ihrem Browser zu aktiveren. Service/Hilfe Creative Beads Lagerverkauf Kontakt Über uns Rückgabe/Umtausch 0 Warenkorb Suchen Suchen AktuellesGlasperlenSwarovskiperlenPolarisperlenZubehörsonstige PerlenSchmuckGutscheine Zur Kategorie Aktuelles Swarovski Neuheiten Abverkauf Lederarmband etc. Fadenquasten aktuelle Neuheiten Schmuck Neuheiten Neuheiten, aktuelle Aktionen etc.. Hier finden Sie schnell die aktuellsten Neuheiten reduzierte Artikel, Aktionen, die neusten Workshops. Die Kategorie änderst sich ständig, Sie sollten öfters ""vorbeischauen""! mehr erfahren Zur Kategorie Glasperlen Crystalstar Radl Crystalstar sonstige Schliffperlen Wachsperlen Silverfoil böhmische Glasperlen böhmische Rocailles Miyuki Rocailles Toho Rocailles 2Lochperlen diverse Glasperlen Glasperlen für elegante selbstgemachte Halsketten Armbänder und Ohrringe Zur Kategorie Swarovskiperlen Swarovskiperlen Neuheiten Swarovskiperlen rund 5000 Swarovskiperlen Doppelkegel 5328 Doppelkegel 3mm Doppelkegel 4mm Doppelkegel 6mm Doppelkegel 8mm Doppelkegel ab 10mm Swarovski Crystal Pearl Swarovski Spacer, Anhänger Swarovski Steine Swarovskiperlen in stets aktuellen Modefarben, große Auswahl an Formen und Farben Perlen mit dem einzigartigen funkeln und glitzern kommen von Swarovski, dem wohl bekanntesten Hersteller von edlen und aufwändig geschliffenem Glas. mehr erfahren Zur Kategorie Polarisperlen Polarisperlen rund matt Polarisperlen 6mm matt Polarisperlen 8mm matt Polarisperlen 10mm matt Polarisperlen 12mm matt Polarisperlen 14mm matt Polarisperlen 16mm matt Polarisperlen 20mm matt Polarisperle ""Sweet"" Polarisperlen mit Strass Polarisperlen rund glänzend Polarisperlen 8mm glanz Polarisperlen 10mm glanz Polarisperlen 14mm glanz Polarisperlen 16mm glanz Polarisperlen 20mm glanz Polarisperlen rund OPAL Polarisperlen Würfel Polaris sonst. Formen Polarisperlen Glitter Polarisschmuck Polarisperlen Mischungen Polaris Grosspackungen Solaris Polarisperlen matt, glänzend, rund, Würfel, Quadrate tolle Auswahl Polarisperlen sind die wohl schönsten und elegantesten Kunststoffperlen zum selber machen von Schmuck. Jede Kette, jedes Armband verzaubert durch den geheimissvollen Schimmer den die Polarisperlen aufzeigen. Vor allem die nahezu unerschöpfliche... mehr erfahren Zur Kategorie Zubehör Fadenquasten Verschlüsse Magnetverschlüsse Ohrringzubehör Draht Fädelgarn etc. Ketten, meterware Kalotten, Quetschperlen etc Binderinge, Ringel Ringrohlinge Verpackung sonst. Zubehör Verschlüsse, Drähte, Schnüre, Quetschperlen etc. Schmuck selber machen Zur Kategorie sonstige Perlen Edelsteinperlen sonstige Perlen Zierteile Anhänger Großpackung Zierteile Anhänger Süsswasserperlen, Perlmutt Metallperlen u. Elemete Edelstahlperlen etc. Perlen für Armbänder, Halsketten Ohrring, allgemeine Deko und Basteln Diverse Perlen aller Art aus aus aller Welt.... mehr erfahren Zur Kategorie Schmuck Armband Halskette Ohrring Anhänger Männerschmuck Fingerringe Ausgefallene Designer Ketten, Ohrringe oder Armbänder Zur Kategorie Gutscheine Das ideale Geschenk für Kreative Menschen. mehr erfahren  kostenloser Versand in DE ab 29€ kurze Bearbeitungszeit 1-2 Tage Hotline 06074 917 11 19 Home Menü schließen Kategorien Aktuelles Glasperlen Swarovskiperlen Polarisperlen Zubehör Halsreifen, Ketten, Schnüre sonstige Perlen Schmuck Anwendungsbeispiele Workshop Anleitungen, Bücher Werkzeug, Hilfmittel Gutscheine Informationen Creative Beads Lagerverkauf Kontakt Über uns Rückgabe/Umtausch Neu eingetroffen: Lederschnüre flach und passende Verschlüsse und Sliderelemente Armbandelement für bis zu 6mm flaches Leder und Swarovski SS34 Stein, Zamak, antiksilber Artikelnummer: 75010206 Sofort versandfertig, Lieferzeit ca. 1-3 Werktage Slider ""Krone"" 3 Stück, für 6mm flaches Leder, Zamak, antiksilber Artikelnummer: 75011006 Sofort versandfertig, Lieferzeit ca. 1-3 Werktage Magnetverschluss Rechteck, Zamak, antiksilber Artikelnummer: 40193306 Sofort versandfertig, Lieferzeit ca. 1-3 Werktage Lederschnur, flach, 3mm breit, 1mm dick, schwarz Artikelnummer: 30157231 Sofort versandfertig, Lieferzeit ca. 1-3 Werktage Inhalt 1 meter (0,00 € / 0 meter) Magnetverschluss Herz , Zamak, antiksilber Artikelnummer: 40193406 Sofort versandfertig, Lieferzeit ca. 1-3 Werktage Slider ""Pfeil"" für 3mm Leder, Zamak, antiksilber Artikelnummer: 75011106 Sofort versandfertig, Lieferzeit ca. 1-3 Werktage Slider gehämmert, 8x16mm, für 5mm flaches Leder, Zamak, antiksilber Artikelnummer: 75011706 Sofort versandfertig, Lieferzeit ca. 1-3 Werktage Lederschnur, flach, 5mm breit, 1mm dick, schwarz Artikelnummer: 30157531 Sofort versandfertig, Lieferzeit ca. 1-3 Werktage Inhalt 1 meter (0,00 € / 0 meter) Lederschnur, flach, 3mm breit, 1mm dick, rot Artikelnummer: 30157211 Sofort versandfertig, Lieferzeit ca. 1-3 Werktage Inhalt 1 meter (0,00 € / 0 meter) Lederschnur, flach, 5mm breit, 1mm dick, braun Artikelnummer: 30157585 Sofort versandfertig, Lieferzeit ca. 1-3 Werktage Inhalt 1 meter (0,00 € / 0 meter) Endstück für 5mm flaches Leder, Zamak, 2 Stück antiksilber Artikelnummer: 75010406 Sofort versandfertig, Lieferzeit ca. 1-3 Werktage Slider Feder 20x8mm für 5,5mm flaches Leder, Zamak, antiksilber Artikelnummer: 75011506 Sofort versandfertig, Lieferzeit ca. 1-3 Werktage Lederschnur, flach, 3mm breit, 1mm dick, blau Artikelnummer: 30157249 Sofort versandfertig, Lieferzeit ca. 1-3 Werktage Inhalt 1 meter (0,00 € / 0 meter) Lederschnur, flach, 3mm breit, 1mm dick, braun Artikelnummer: 30157285 Sofort versandfertig, Lieferzeit ca. 1-3 Werktage Inhalt 1 meter (0,00 € / 0 meter) Lederschnur, flach, 5mm breit, 1mm dick, rot Artikelnummer: 30157511 Sofort versandfertig, Lieferzeit ca. 1-3 Werktage Inhalt 1 meter (0,00 € / 0 meter) Endkappe 3x2mm, Zamak, 2 Stück antiksilber Artikelnummer: 75010306 Sofort versandfertig, Lieferzeit ca. 1-3 Werktage Fassung für Swarovski Stein SS39, Zamak, antiksilber Artikelnummer: 75010506 Sofort versandfertig, Lieferzeit ca. 1-3 Werktage Perle ""Buddha"", 10x12mm, Bohrung 1,5mm, Zamak, antiksilber Artikelnummer: 75010606 Sofort versandfertig, Lieferzeit ca. 1-3 Werktage Perle ""Elefant"", 10x14mm, Bohrung 1,5mm, Zamak, antiksilber Artikelnummer: 75010706 Sofort versandfertig, Lieferzeit ca. 1-3 Werktage Perle ""Lion"",10mm, Bohrung 1,5mm, Zamak, antiksilber Artikelnummer: 75010806 Sofort versandfertig, Lieferzeit ca. 1-3 Werktage Slider ""Daisy"" , 2 Stück, 8mm für 3mm Leder, Zamak, antiksilber Artikelnummer: 75010906 Sofort versandfertig, Lieferzeit ca. 1-3 Werktage Slider ""Skull"" , 3 Stück, für 3mm flaches Leder, Zamak, antiksilber Artikelnummer: 75011206 Sofort versandfertig, Lieferzeit ca. 1-3 Werktage Perle ""Skull"", 10x12mm, 1,5mm Bohrung, Zamak, antiksilber Artikelnummer: 75011306 Sofort versandfertig, Lieferzeit ca. 1-3 Werktage Slider Feder 15x10mm, für 3mm flaches Leder, Zamak, antiksilber Artikelnummer: 75011406 Sofort versandfertig, Lieferzeit ca. 1-3 Werktage Slider Fisch, 10x12mm, für 5,5mm flaches Leder, Zamak, antiksilber Artikelnummer: 75011606 Sofort versandfertig, Lieferzeit ca. 1-3 Werktage Slider 7mm, mit Öse rund2,5mm, für 5mm flaches Leder, Zamak, antiksilber Artikelnummer: 75011806 Sofort versandfertig, Lieferzeit ca. 1-3 Werktage Zwischenelement ca. 20mm m. 2 Ösen ""Chakra Crown"", Zamak, antiksilber Artikelnummer: 75011906 Sofort versandfertig, Lieferzeit ca. 1-3 Werktage Zwischenelement 20mm m. 2 Ösen ""Chakra Heart"", Zamak, antiksilber Artikelnummer: 75012006 Sofort versandfertig, Lieferzeit ca. 1-3 Werktage Zwischenelement 20mm m. 2 Ösen ""Chakra purity"", Zamak, antiksilber Artikelnummer: 75012106 Sofort versandfertig, Lieferzeit ca. 1-3 Werktage Zwischenelement 20mm m. 2 Ösen ""Chakra rhird eye"", Zamak, antiksilber Artikelnummer: 75012206 Sofort versandfertig, Lieferzeit ca. 1-3 Werktage Zwischenelement 20mm m. 2 Ösen ""Chakra root"", Zamak, antiksilber Artikelnummer: 75012306 Sofort versandfertig, Lieferzeit ca. 1-3 Werktage Zwischenelement 20mm m. 2 Ösen ""Chakra solar plexus"", Zamak, antiksilber Artikelnummer: 75012406 Sofort versandfertig, Lieferzeit ca. 1-3 Werktage Zwischenelement 20mm m. 2 Ösen ""Chakra sweetness"", Zamak, antiksilber Artikelnummer: 75012506 Sofort versandfertig, Lieferzeit ca. 1-3 Werktage Lederschnur, flach, 3mm breit, 1mm dick, grün Artikelnummer: 30157223 Sofort versandfertig, Lieferzeit ca. 1-3 Werktage Inhalt 1 meter (0,00 € / 0 meter) Lederschnur, flach, 5mm breit, 1mm dick, grün Artikelnummer: 30157523 Sofort versandfertig, Lieferzeit ca. 1-3 Werktage Inhalt 1 meter (0,00 € / 0 meter) Lederschnur, flach, 5mm breit, 1mm dick, blau Artikelnummer: 30157549 Sofort versandfertig, Lieferzeit ca. 1-3 Werktage Inhalt 1 meter (0,00 € / 0 meter) Armbandelement für bis zu 6mm flaches Leder und Swarovski SS34 Stein, Zamak, antiksilber Artikelnummer: 75010206 Sofort versandfertig, Lieferzeit ca. 1-3 Werktage Slider ""Krone"" 3 Stück, für 6mm flaches Leder, Zamak, antiksilber Artikelnummer: 75011006 Sofort versandfertig, Lieferzeit ca. 1-3 Werktage Magnetverschluss Rechteck, Zamak, antiksilber Artikelnummer: 40193306 Sofort versandfertig, Lieferzeit ca. 1-3 Werktage Lederschnur, flach, 3mm breit, 1mm dick, schwarz Artikelnummer: 30157231 Sofort versandfertig, Lieferzeit ca. 1-3 Werktage Inhalt 1 meter (0,00 € / 0 meter) Magnetverschluss Herz , Zamak, antiksilber Artikelnummer: 40193406 Sofort versandfertig, Lieferzeit ca. 1-3 Werktage Aktueller Trend: Fadenquasten als kleines peppiges Accessoire Fadenquaste ca. 20mm, 2 Stück, silber, schwarz Artikelnummer: 78028731 Sofort versandfertig, Lieferzeit ca. 1-3 Werktage Fadenquaste ca. 20mm, 2 Stück, silber, blau Artikelnummer: 78028750 Sofort versandfertig, Lieferzeit ca. 1-3 Werktage Fadenquaste mini ca. 10mm, 3 Stück, silber, weiß Artikelnummer: 78019702 Sofort versandfertig, Lieferzeit ca. 1-3 Werktage Fadenquaste ca. 20mm, 2 Stück, gold, schwarz Artikelnummer: 78028431 Sofort versandfertig, Lieferzeit ca. 1-3 Werktage Fadenquaste mini ca. 10mm, 3 Stück, gold, grau Artikelnummer: 78019433 Sofort versandfertig, Lieferzeit ca. 1-3 Werktage Fadenquaste ca. 20mm, 2 Stück, silber, dkl grau Artikelnummer: 78028734 Sofort versandfertig, Lieferzeit ca. 1-3 Werktage Bald wieder da! Fadenquaste ca. 20mm, 2 Stück, gold, weiß Artikelnummer: 78028402 Lieferzeit Werktage Fadenquaste ca. 70mm, 2 Stück, schwarz Artikelnummer: 78028831 Sofort versandfertig, Lieferzeit ca. 1-3 Werktage Fadenquaste mini ca. 10mm, 3 Stück, silber, rosa Artikelnummer: 78019712 Sofort versandfertig, Lieferzeit ca. 1-3 Werktage Fadenquaste mini ca. 10mm, 3 Stück, silber, grau Artikelnummer: 78019733 Sofort versandfertig, Lieferzeit ca. 1-3 Werktage Bald wieder da! Fadenquaste ca. 20mm, 2 Stück, gold, dkl. Grau Artikelnummer: 78028434 Lieferzeit Werktage Fadenquaste ca. 20mm, 2 Stück, silber, altrosa Artikelnummer: 78028713 Sofort versandfertig, Lieferzeit ca. 1-3 Werktage Fadenquaste mini ca. 10mm, 3 Stück, gold, rosa Artikelnummer: 78019412 Sofort versandfertig, Lieferzeit ca. 1-3 Werktage Fadenquaste ca. 20mm, 2 Stück, silber, pink Artikelnummer: 78028714 Sofort versandfertig, Lieferzeit ca. 1-3 Werktage Bald wieder da! Fadenquaste mini ca. 10mm, 3 Stück, gold, weiß Artikelnummer: 78019402 Lieferzeit Werktage Fadenquaste mini ca. 10mm, 3 Stück, gold, pink Artikelnummer: 78019414 Sofort versandfertig, Lieferzeit ca. 1-3 Werktage Bald wieder da! Fadenquaste mini ca. 10mm, 3 Stück, gold, dkl.grün Artikelnummer: 78019423 Lieferzeit Werktage Fadenquaste mini ca. 10mm, 3 Stück, gold, braun Artikelnummer: 78019485 Sofort versandfertig, Lieferzeit ca. 1-3 Werktage Fadenquaste mini ca. 10mm, 3 Stück, gold, bunt Artikelnummer: 78019499 Sofort versandfertig, Lieferzeit ca. 1-3 Werktage Fadenquaste mini ca. 10mm, 3 Stück, silber, pink Artikelnummer: 78019714 Sofort versandfertig, Lieferzeit ca. 1-3 Werktage Fadenquaste mini ca. 10mm, 3 Stück, silber, dkl.grün Artikelnummer: 78019723 Sofort versandfertig, Lieferzeit ca. 1-3 Werktage Fadenquaste mini ca. 10mm, 3 Stück, silber, braun Artikelnummer: 78019785 Sofort versandfertig, Lieferzeit ca. 1-3 Werktage Fadenquaste mini ca. 10mm, 3 Stück, silber, bunt Artikelnummer: 78019799 Sofort versandfertig, Lieferzeit ca. 1-3 Werktage Fadenquaste ca. 20mm, 2 Stück, gold, rosa Artikelnummer: 78028412 Sofort versandfertig, Lieferzeit ca. 1-3 Werktage Fadenquaste ca. 20mm, 2 Stück, gold, altrosa Artikelnummer: 78028413 Sofort versandfertig, Lieferzeit ca. 1-3 Werktage Fadenquaste ca. 20mm, 2 Stück, silber, schwarz Artikelnummer: 78028731 Sofort versandfertig, Lieferzeit ca. 1-3 Werktage Fadenquaste ca. 20mm, 2 Stück, silber, blau Artikelnummer: 78028750 Sofort versandfertig, Lieferzeit ca. 1-3 Werktage Fadenquaste mini ca. 10mm, 3 Stück, silber, weiß Artikelnummer: 78019702 Sofort versandfertig, Lieferzeit ca. 1-3 Werktage Fadenquaste ca. 20mm, 2 Stück, gold, schwarz Artikelnummer: 78028431 Sofort versandfertig, Lieferzeit ca. 1-3 Werktage Fadenquaste mini ca. 10mm, 3 Stück, gold, grau Artikelnummer: 78019433 Sofort versandfertig, Lieferzeit ca. 1-3 Werktage Lagerverkauf auch ""zwischen den Jahren"" geöffnet Diese Woche (18.-22.12) ist unser Lager wie immer von 9.00 -16.00 Uhr geöffnetVom 27.-29.12. sind wir ebenfalls von 9.00 -16.00 Uhr für Sie da. Im neuen Jahr sind wir ab 02.Januar wieder Wochentags von 9.00-16.00Uhr für Sie da, am ersten Samstag 06.Januar ist unser Lager ebenfalls von 10-15.00Uhr geöffnet. Willkommen im neuen Creative Beads Shop Bitte beachten Sie das Ihr Passwort aus dem ""alten Shop"" nicht mehr gültig ist! Als neues Passwort wurde Ihre Kundennummer hinterlegt. Bitte geben Sie diese wie folgt ein : ""123456-123456"", also zweimal die Kundennummer mit Bindestrich dazwischen. Sollten Sie Ihre Kundenummer nicht verfügbar haben (steht auf jeder Rechnung), können Sie sich mit Ihrer email Adresse ein neues Passwort anfordern. Bei Fragen oder Problemen stehen wir Ihnen selbstverständlich jederzeit zur Verfügung. Neue Swarovski Perlen 3mm,Swarovskiperlen, Doppelkegel, konisch, 5328, l. col. topaz shimmer Artikelnummer: 602303205 Sofort versandfertig, Lieferzeit ca. 1-3 Werktage 3mm,Swarovskiperlen, Doppelkegel, konisch, 5328, siam shimmer Artikelnummer: 602303208 Sofort versandfertig, Lieferzeit ca. 1-3 Werktage 3mm,Swarovskiperlen, Doppelkegel, konisch, 5328, erinite shimmer Artikelnummer: 602303228 Sofort versandfertig, Lieferzeit ca. 1-3 Werktage 3mm,Swarovskiperlen, Doppelkegel, konisch, 5328, black diamond shimmer Artikelnummer: 602303233 Sofort versandfertig, Lieferzeit ca. 1-3 Werktage 3mm,Swarovskiperlen, Doppelkegel, konisch, 5328, light sapphire shimmer Artikelnummer: 602303249 Sofort versandfertig, Lieferzeit ca. 1-3 Werktage 3mm,Swarovskiperlen, Doppelkegel, konisch, 5328, l. topaz shimmer Artikelnummer: 602303285 Sofort versandfertig, Lieferzeit ca. 1-3 Werktage 4mm,Swarovskiperlen, Doppelkegel, konisch, 5328, l. col. topaz shimmer Artikelnummer: 602304205 Sofort versandfertig, Lieferzeit ca. 1-3 Werktage 4mm,Swarovskiperlen, Doppelkegel, konisch, 5328, siam shimmer Artikelnummer: 602304208 Sofort versandfertig, Lieferzeit ca. 1-3 Werktage 4mm,Swarovskiperlen, Doppelkegel, konisch, 5328, erinite shimmer Artikelnummer: 602304228 Sofort versandfertig, Lieferzeit ca. 1-3 Werktage 4mm,Swarovskiperlen, Doppelkegel, konisch, 5328, black diamond shimmer Artikelnummer: 602304233 Sofort versandfertig, Lieferzeit ca. 1-3 Werktage 4mm,Swarovskiperlen, Doppelkegel, konisch, 5328, light sapphire shimmer Artikelnummer: 602304249 Sofort versandfertig, Lieferzeit ca. 1-3 Werktage 4mm,Swarovskiperlen, Doppelkegel, konisch, 5328, l. topaz shimmer Artikelnummer: 602304285 Sofort versandfertig, Lieferzeit ca. 1-3 Werktage 6mm,Swarovskiperlen, Doppelkegel, konisch, 5328, l. col. topaz shimmer Artikelnummer: 602306205 Sofort versandfertig, Lieferzeit ca. 1-3 Werktage 6mm,Swarovskiperlen, Doppelkegel, konisch, 5328, siam shimmer Artikelnummer: 602306208 Sofort versandfertig, Lieferzeit ca. 1-3 Werktage 6mm,Swarovskiperlen, Doppelkegel, konisch, 5328, erinite shimmer Artikelnummer: 602306228 Sofort versandfertig, Lieferzeit ca. 1-3 Werktage 6mm,Swarovskiperlen, Doppelkegel, konisch, 5328, black diamond shimmer Artikelnummer: 602306233 Sofort versandfertig, Lieferzeit ca. 1-3 Werktage 6mm,Swarovskiperlen, Doppelkegel, konisch, 5328, light sapphire shimmer Artikelnummer: 602306249 Sofort versandfertig, Lieferzeit ca. 1-3 Werktage 6mm,Swarovskiperlen, Doppelkegel, konisch, 5328, l. topaz shimmer Artikelnummer: 602306285 Sofort versandfertig, Lieferzeit ca. 1-3 Werktage 3mm,Swarovskiperlen, Doppelkegel, konisch, 5328, l. col. topaz shimmer Artikelnummer: 602303205 Sofort versandfertig, Lieferzeit ca. 1-3 Werktage 3mm,Swarovskiperlen, Doppelkegel, konisch, 5328, siam shimmer Artikelnummer: 602303208 Sofort versandfertig, Lieferzeit ca. 1-3 Werktage Polarisperlen Swarovskiperlen Edelsteinperlen Rocailles Crystalstar Radl CB Crystalstar Perle, Radl. 3x4mm Strang ca. 95 Stck emerald Artikelnummer: 60711323 Sofort versandfertig, Lieferzeit ca. 1-3 Werktage CB Crystalstar Perle, Radl. 3x4mm Strang ca. 95 Stck aqua Artikelnummer: 60711348 Sofort versandfertig, Lieferzeit ca. 1-3 Werktage CB Crystalstar Perle, Radl. 3x4mm Strang ca. 95 Stck sapphire Artikelnummer: 60711350 Sofort versandfertig, Lieferzeit ca. 1-3 Werktage CB Crystalstar Perle, Radl. 3x4mm Strang ca. 95 Stck braun Artikelnummer: 60711387 Sofort versandfertig, Lieferzeit ca. 1-3 Werktage Crystalstar Radl 2x3mm Strang ca. 200Stck, crystal Artikelnummer: 60712800 Sofort versandfertig, Lieferzeit ca. 1-3 Werktage Crystalstar Radl 2x3mm Strang ca. 200Stck, orange Artikelnummer: 60712804 Sofort versandfertig, Lieferzeit ca. 1-3 Werktage Crystalstar Radl 2x3mm Strang ca. 200Stck, topas Artikelnummer: 60712805 Sofort versandfertig, Lieferzeit ca. 1-3 Werktage Crystalstar Radl 2x3mm Strang ca. 200Stck, siam Artikelnummer: 60712811 Sofort versandfertig, Lieferzeit ca. 1-3 Werktage Crystalstar Radl 2x3mm Strang ca. 200Stck,coral Artikelnummer: 607128110 Sofort versandfertig, Lieferzeit ca. 1-3 Werktage Crystalstar Radl 2x3mm Strang ca. 200Stck, dkl.blau Artikelnummer: 607128150 Sofort versandfertig, Lieferzeit ca. 1-3 Werktage Crystalstar Radl 2x3mm Strang ca. 200Stck, rose alabaster Artikelnummer: 60712817 Sofort versandfertig, Lieferzeit ca. 1-3 Werktage Crystalstar Radl 2x3mm Strang ca. 200Stck, sand AB Artikelnummer: 607128182 Sofort versandfertig, Lieferzeit ca. 1-3 Werktage Crystalstar Radl 2x3mm Strang ca. 200Stck,caramel Artikelnummer: 607128183 Sofort versandfertig, Lieferzeit ca. 1-3 Werktage Crystalstar Radl 2x3mm Strang ca. 200Stck, basque green Artikelnummer: 607128226 Sofort versandfertig, Lieferzeit ca. 1-3 Werktage Crystalstar Radl 2x3mm Strang ca. 200Stck, puder AB Artikelnummer: 607128232 Sofort versandfertig, Lieferzeit ca. 1-3 Werktage Crystalstar Radl 2x3mm Strang ca. 200Stck, jeansblau-grau AB Artikelnummer: 607128250 Sofort versandfertig, Lieferzeit ca. 1-3 Werktage Crystalstar Radl 2x3mm Strang ca. 200Stckblack diamond Artikelnummer: 60712833 Sofort versandfertig, Lieferzeit ca. 1-3 Werktage Crystalstar Radl 2x3mm Strang ca. 200Stck,purple velvet Artikelnummer: 60712840 Sofort versandfertig, Lieferzeit ca. 1-3 Werktage Crystalstar Radl 2x3mm Strang ca. 200Stck, lt. Sapphire AB Artikelnummer: 60712849 Sofort versandfertig, Lieferzeit ca. 1-3 Werktage Crystalstar Radl 2x3mm Strang ca. 200Stck, sapphire AB Artikelnummer: 60712850 Sofort versandfertig, Lieferzeit ca. 1-3 Werktage Crystalstar Radl 2x3mm Strang ca. 200Stck citre Artikelnummer: 60712879 Sofort versandfertig, Lieferzeit ca. 1-3 Werktage Crystalstar Radl 2x3mm Strang ca. 200Stck lt.col.topas AB Artikelnummer: 60712885 Sofort versandfertig, Lieferzeit ca. 1-3 Werktage Crystalstar Radl 2x3mm Strang ca. 200Stck zimt AB Artikelnummer: 60712886 Sofort versandfertig, Lieferzeit ca. 1-3 Werktage Crystalstar Radl 2x3mm Strang ca. 200Stck smoke topas Artikelnummer: 60712888 Sofort versandfertig, Lieferzeit ca. 1-3 Werktage Crystalstar Radl 2x3mm Strang ca. 200Stck, braun-metallic Artikelnummer: 60712890 Sofort versandfertig, Lieferzeit ca. 1-3 Werktage CB Crystalstar Perle, Radl. 3x4mm Strang ca. 95 Stck emerald Artikelnummer: 60711323 Sofort versandfertig, Lieferzeit ca. 1-3 Werktage CB Crystalstar Perle, Radl. 3x4mm Strang ca. 95 Stck aqua Artikelnummer: 60711348 Sofort versandfertig, Lieferzeit ca. 1-3 Werktage CB Crystalstar Perle, Radl. 3x4mm Strang ca. 95 Stck sapphire Artikelnummer: 60711350 Sofort versandfertig, Lieferzeit ca. 1-3 Werktage CB Crystalstar Perle, Radl. 3x4mm Strang ca. 95 Stck braun Artikelnummer: 60711387 Sofort versandfertig, Lieferzeit ca. 1-3 Werktage Crystalstar Radl 2x3mm Strang ca. 200Stck, crystal Artikelnummer: 60712800 Sofort versandfertig, Lieferzeit ca. 1-3 Werktage Polaris Opal Die Perle mit dem besonders ausgeprägten Polarisschimmer. Elegant seidig matt schimmernd, in aktuellen Modefarben. Lieferbar in 10-20 mm Perlengröße zu den Opal Perlen Magnetverschlüsse Powerclip DE Magnetverschlüsse die halten was Sie versprechen. Extra starker Neodym Magnet in einem strapazierfähigen Acrylgehäuse. Kein Anlaufen oder Abfärben. Alergiker freundlich Zu den Verschlüssen Service Hotline Telefonische Unterstützung und Beratung unter:06074 9171119Mo-Fr, 09:00 - 16:00 Uhr Shop Service Versand und Zahlungsbedingungen Widerrufsrecht Datenschutz AGB + Kundeninformation Impressum Informationen Creative Beads Lagerverkauf Kontakt Über uns Rückgabe/Umtausch Newsletter Abonnieren Sie den kostenlosen Newsletter und verpassen Sie keine Neuigkeiten mehr. Newsletter abonnieren Copyright bei CB Handelsges. mbH Creative-beads CB Handelsges. mbH Albert Einstein-Strasse 2 63322 Roedermark Germany Fon ++49 6074 917 11 19 Fax ++49 6074 917 11 20 Creative Beads, seit 1989 Ihr Fachhändler für Creative Schmuckideen. Seit 1999 auch als Online Shop für alle die Schmuck, Ketten, Armbänder etc. selber machen. Bei uns finden Sie eines der grössten Sortimente an wunderschönen Swarovskiperlen, Polarisperlen, Glasperlen und Schmuckzubehör für Ihre Schmuckgestaltung. Nicht nur Online können Sie Ihre Ihre Perlen bei uns bestellen sondern auch direkt vor Ort in Unserem Lager besteht die Möglichkeit einzukaufen. Wir haben einen großen Teil unseres über 700 qm Lagers zum Stöbern und Einkaufen hergerichtet. Auch unsere regelmäßigen Workshops und Schulungen zum Thema Fädeln und Schmuckgestaltung etc. finden hier statt. Unser Lager in Rödermark liegt zentral im Rhein-Main Gebiet ca. 25km südlich von Frankfurt. Die S-Bahn S1 von Wiesbaden- Frankfurt hält fast vor der Türe, Parkplätze stehen kostenfrei zur Verfügung. Wir freuen uns auf Ihren Besuch * Alle Preise inkl. gesetzl. Mehrwertsteuer zzgl. Versandkosten und ggf. Nachnahmegebühren, wenn nicht anders beschrieben Creative Beads Lagerverkauf Kontakt Über uns Rückgabe/Umtausch "
33,ctc-bikeparts.de," Startseite CTC BIKE PARTS Online-Shop CTC BIKE PARTS Sonderangebote CTC BIKE PARTS APRILIA BMW DUCATI HONDA KAWASAKI KTM MVAGUSTA SUZUKI TRIUMPH YAMAHA info@ctc-bikeparts.de | 07821-5498022 Mo-Fr 8-12 Uhr Mein Konto Warenkorb: 0,00 € Menu CTC BIKE PARTS APRILIA BMW DUCATI HONDA KAWASAKI KTM MVAGUSTA SUZUKI TRIUMPH YAMAHA Sonderangebote 1234 Willkommen bei CTC BIKE PARTS In unserem CTC BIKE PARTS Online-Shop findet Ihr das ideale Zubehör für euer Bike. Wir führen Motorradzubehör und Teile namhafter Hersteller, von ABM über GSG, LSL oder auch HIGHSIDER und R&G. Wir bieten euch Auspuff-Anlagen von SHARK, HURRIC, IXIL, IXRACE, SCORPION und BOS und weitere namhafte Hersteller an. Passende Verkleidungsteile, Hinterradabdeckungen und Soziusabdeckungen von ERMAX / BODYSTYLE lackiert in den jeweiligen Farben eures Bikes sowie Kennzeichenhalter von PROTECH, ABM und R&G. CTC BIKE PARTS hat eine sehr große Auswahl an Hebelsätzen (Brems- und Kupplungshebel) von ABM, PAZZO, LSL, VALTER MOTO, SPIEGLER und IXS für euer Motorrad. Auch für den Schutz eures Bikes ist mit den Sturzpads von GSG, ABM, LSL, R&G VALTER MOTO und TOP BLOCK bestens gesorgt. Aber auch LED-Blinker von KELLERMANN und HIGHSIDER oder Fussrastenanlagen von ABM, LSL und VALTER MOTO findet Ihr im Shop von CTC BIKE PARTS. Ebenso findet Ihr eine große Auswahl an Pflege- und Reinungsmittel z.B. von S100, PUTOLINE und VULCANET, Kettensprays, Motoröle und alle anderen Flüssigkeiten die man zur Wartung und Pflege eines Motorrades benötigt. CTC BIKE PARTS bietet euch alle diese Produkte zu fairen Preisen an. Wir erweitern unsere Produktpalette ständig und somit kommen fast täglich neue Artikel hinzu. Dies ermöglicht es Dir Deinem Bike einen ganz eigenen Style zu verleihen. Solltest Du mal etwas nicht auf Anhieb finden dann kontaktiert uns einfach und wir helfen Dir gerne weiter. Neu im Sortiment! Soziusabdeckung lackiert SUZUKI GSX-S 750 ab 2017 133,95 €inkl. 19% USt., versandfreie Lieferung LED Rücklicht getönt BMW R9T R nine T ab 2017 109,95 €inkl. 19% USt., versandfreie Lieferung Lieferzeit: 2 - 5 Werktage R&G Krümmer & Wasserkühler / Schutzgitter Set SUZUKI GSX-S 750 ab 2017 159,95 €inkl. 19% USt., versandfreie Lieferung Lieferzeit: 7 - 10 Werktage SHARK FACTORY Auspuff HONDA CBR1000RR SC77 FIREBLADE ab 2017 295,00 €inkl. 19% USt., versandfreie Lieferung Lieferzeit: 2 - 5 Werktage SPIEGLER EVOLUTION Hebelsatz Bremshebel & Kupplungshebel HONDA CMX 500 REBEL PC56 ab 2017 172,95 €inkl. 19% USt., versandfreie Lieferung Hinterradabdeckung lackiert KAWASAKI NINJA 650 ab 2017 175,00 €inkl. 19% USt., versandfreie Lieferung SHARK DSX-7 BLACK EDITION Auspuff SUZUKI GSX-R 1000 ab 2017 EURO4 269,00 €inkl. 19% USt., versandfreie Lieferung Lieferzeit: 2 - 5 Werktage IXIL HYPERLOW XL BLACK Auspuff / Komplettanlage HONDA CB650 F RC97 ab 2017 EURO 4 619,00 €inkl. 19% USt., versandfreie Lieferung Lieferzeit: 2 - 5 Werktage PROTECH Kennzeichenhalter KTM RC125 ab 2017 ab 83,95 €inkl. 19% USt., zzgl. Versand GSG Sturzpads HONDA CMX 500 REBEL PC56 ab 2017 73,95 €inkl. 19% USt., zzgl. Versand Lieferzeit: 2 - 5 Werktage Top Angebote PROBRAKE WAVE - Bremsscheibensatz vorne DUCATI 749 R /S 339,95 €inkl. 19% USt., versandfreie Lieferung Lieferzeit: 2 - 5 Werktage SPIEGLER PEAK EVO WAVE - Bremsscheibensatz vorne SUZUKI GSR600 ab 2006 375,00 €inkl. 19% USt., versandfreie Lieferung Lieferzeit: 2 - 5 Werktage SPIEGLER PEAK EVO WAVE - Bremsscheibensatz vorne KAWASAKI Z1000 2003-2006 375,00 €inkl. 19% USt., versandfreie Lieferung Lieferzeit: 2 - 5 Werktage PROBRAKE WAVE - Bremsscheibensatz vorne DUCATI PANIGALE 1199 ab 2012 339,95 €inkl. 19% USt., versandfreie Lieferung Lieferzeit: 2 - 5 Werktage LSL Hebel-Satz Bremse+Kupplung HONDA CB500 X ab 2013 SONDERPREIS 139,95 €inkl. 19% USt., versandfreie Lieferung ABM SYNTO Hebelsatz Bremshebel & Kupplungshebel BMW R1200 R 15-16 185,00 €inkl. 19% USt., versandfreie Lieferung ARROW THUNDER DARK LINE CBR600F 359,95 €inkl. 19% USt., versandfreie Lieferung Lieferzeit: 2 - 5 Werktage MOTO GP PIT MAT Garagenmatte rot 59,95 €inkl. 19% USt., zzgl. Versand Lieferzeit: 2 - 5 Werktage SPIEGLER PEAK EVO WAVE - Bremsscheibensatz vorne SUZUKI GSX-R 1000 05-06 375,00 €inkl. 19% USt., versandfreie Lieferung Lieferzeit: 2 - 5 Werktage SPIEGLER PEAK EVO WAVE - Bremsscheibensatz vorne SUZUKI GSX-R 750 06-07 375,00 €inkl. 19% USt., versandfreie Lieferung Lieferzeit: 2 - 5 Werktage Unsere Bestseller HIGHSIDER VICTORY evo Lenkerendenspiegel 51,95 €inkl. 19% USt., zzgl. Versand Lieferzeit: 2 - 5 Werktage R&G Kennzeichenhalter incl. Rücklicht YAMAHA WR 125 X/R ab 09 115,58 €inkl. 19% USt., versandfreie Lieferung Lieferzeit: 5 - 8 Werktage HIGHSIDER VICTORY Lenkerendenspiegel 39,95 €inkl. 19% USt., zzgl. Versand Lieferzeit: 2 - 5 Werktage DPM WARRIOR Windschild HONDA CB1000R SC60 ab 2008 131,95 €inkl. 19% USt., versandfreie Lieferung Lieferzeit: 7 - 10 Werktage Adapter Kabelsatz LED Blinker KAWASAKI 3,95 €inkl. 19% USt., zzgl. Versand Lieferzeit: 2 - 5 Werktage X-LEDIND-60 Sequentieller LED-Blinker / Lauflichtblinker 69,95 €inkl. 19% USt., zzgl. Versand Lieferzeit: 2 - 5 Werktage DPM WARRIOR Windschild YAMAHA MT-07 RM04 14-16 133,95 €inkl. 19% USt., versandfreie Lieferung Lieferzeit: 8 - 11 Werktage LED Blinker SLIVER 34,50 €inkl. 19% USt., zzgl. Versand Lieferzeit: 2 - 5 Werktage Adapter Kabelsatz LED Blinker für HONDA Modelle 3,95 €inkl. 19% USt., zzgl. Versand Lieferzeit: 2 - 5 Werktage GIpro Ganganzeige HONDA CB1000R SC60 ab 2008 104,95 €inkl. 19% USt., versandfreie Lieferung Zurück Nach oben Kategorien APRILIA BMW DUCATI HONDA KAWASAKI KTM MV AGUSTA SUZUKI TRIUMPH YAMAHA Zahlungsmöglichkeiten Versandkostenfrei innerhalb Deutschlands ab einem Bestellwert von 100,- € Motorradurlaub im Schwarzwald Ihr wolltet schon immer einmal einen tollen Motorradurlaub im Schwarzwald verbringen, dann seid Ihr im Naturparkhotel Rebstock bestens aufgehoben holt euch die CTC BIKE PARTS App mehr Zubehör und Teile geht nicht ab sofort verfügbar für Android und iOS die CTC APP downloaden und 5% Nachlass erhalten, einfach WELCOME5 als Code eingeben Kontakt CTC BIKE PARTS 07821-5498022 Mo-Fr 8-12 Uhr info@ctc-bikeparts.de Informationen Wir über uns Sitemap Versandkosten Rechtliches Widerrufsrecht Datenschutz AGB Impressum Mein Konto Bestellhistorie Wunschzettel Werben Sie einen Freund Bequem bezahlen © CTC BIKE PARTS . • * Abmeldung jederzeit möglich • Template © Southbridge.de Powered by JTL-Shop3 "
34,dampftbeidir.de," dampftbeidir.de - Dein Online-Shop für E-Zigaretten, Liquids & Zubehör - dampftbeidir.de Sehr gut4.89/5.00Zertifiziert seit 30.08.2016×Zertifizierter Shop front ✓ Versandkostenfrei ab 50€ ✓ Liquids / Aromen / Base - 100% made in Germany Startseite Mein Konto Kontakt Partnershops von dampftbeidir Anmelden Anmelden Passwort vergessen Neu hier? Jetzt registrieren 0,00 € Es befinden sich keine Artikel im Warenkorb NEU STARTER AKKUTRÄGER AKKUTRÄGER Boxform Mech. Mods Stabform (eGO) LIQUIDS LIQUIDS #GESCHMACKSPROFILE #LIQUIDSALE Gourmet Abteilung rauchFREI Liquids - 100% Made in Germany Aspire Gusto Element Pods Babylon Vape Antisocial - Shake&Vape BAREHEAD eLiquid Co - Shake&Vape Barista Brew Co - Shake&Vape Big Mouth Shake&Vape Liquids BO Vaping Liquid Pods Bozz Liquids - Shake&Vape Charlies Chulk Dusk - Shake&Vape Chubby Bubble Vapes - Shake&Vape Coastal Clouds - Shake&Vape Coil Hunny - Shake&Vape Copy Cat - Shake&Vape Dough Bros - Shake&Vape Dr. Frost Liquids - Shake&Vape Dude Dynasty - Shake&Vape EL Bonneyo by VooDoo Clouds ELEMENT FJ'S - @FuckJerry GLAS Liquid Basix - Shake&Vape Harmony CBD Liquid & Base Just Jam Magnes E-Juice - Shake&Vape MARMALADE MYLK - Shake&Vape Pacha Mama - Shake&Vape Pound Town - Shake&Vape Propagande Mafia - Shake&Vape Prophet - Shake&Vape PURE e-Liquid Savage - Shake&Vape Sweet Jesus Juice The MILKMAN Delights & Classics The Panda Juice Co - Shake&Vape TreibStoff Liquid - Shake&Vape Vampire Vape KonceptXIX - Shake&Vape Vape Breakfast Classics - Shake&Vape Vape Dinner Lady vGOD E-Juice - Shake&Vape Von ERL - MY.Pods VooDoo Clouds by Vaper's Valley Vovan - Shake & Vape ZAP Juice TANKS TANKS Clearomizer Clearomizer Zubehör Ersatzgläser Verdampfer Einheiten RBA RBA Draht & Watte Ersatzteile RDA - Tröpfelverdampfer RTA - Tanksysteme Selbstwickler Zubehör SELBSTMISCHEN SELBSTMISCHEN Aromen Base Mischzubehör Nikotin Shots ZUBEHÖR ZUBEHÖR Akkus Aufbewahrung & Taschen DIY Drip Tips / Mundstücke Fidget Spinner Ladegeräte Merchandise & Kleidung Schutzhüllen Selbstwickeln SOON SALE 0,00 € Es befinden sich keine Artikel im Warenkorb Alle Kategorien NEU STARTER AKKUTRÄGER Boxform Mech. Mods Stabform (eGO) LIQUIDS #GESCHMACKSPROFILE #LIQUIDSALE Gourmet Abteilung rauchFREI Liquids - 100% Made in Germany Aspire Gusto Element Pods Babylon Vape Antisocial - Shake&Vape BAREHEAD eLiquid Co - Shake&Vape Barista Brew Co - Shake&Vape Big Mouth Shake&Vape Liquids BO Vaping Liquid Pods Bozz Liquids - Shake&Vape Charlies Chulk Dusk - Shake&Vape Chubby Bubble Vapes - Shake&Vape Coastal Clouds - Shake&Vape Coil Hunny - Shake&Vape Copy Cat - Shake&Vape Dough Bros - Shake&Vape Dr. Frost Liquids - Shake&Vape Dude Dynasty - Shake&Vape EL Bonneyo by VooDoo Clouds ELEMENT FJ'S - @FuckJerry GLAS Liquid Basix - Shake&Vape Harmony CBD Liquid & Base Just Jam Magnes E-Juice - Shake&Vape MARMALADE MYLK - Shake&Vape Pacha Mama - Shake&Vape Pound Town - Shake&Vape Propagande Mafia - Shake&Vape Prophet - Shake&Vape PURE e-Liquid Savage - Shake&Vape Sweet Jesus Juice The MILKMAN Delights & Classics The Panda Juice Co - Shake&Vape TreibStoff Liquid - Shake&Vape Vampire Vape KonceptXIX - Shake&Vape Vape Breakfast Classics - Shake&Vape Vape Dinner Lady vGOD E-Juice - Shake&Vape Von ERL - MY.Pods VooDoo Clouds by Vaper's Valley Vovan - Shake & Vape ZAP Juice TANKS Clearomizer Clearomizer Zubehör Ersatzgläser Verdampfer Einheiten RBA Draht & Watte Ersatzteile RDA - Tröpfelverdampfer RTA - Tanksysteme Selbstwickler Zubehör SELBSTMISCHEN Aromen Base Mischzubehör Nikotin Shots ZUBEHÖR Akkus Aufbewahrung & Taschen DIY Drip Tips / Mundstücke Fidget Spinner Ladegeräte Merchandise & Kleidung Schutzhüllen Selbstwickeln SOON SALE Startseite Mein Konto Kontakt Partnershops von dampftbeidir ZurückWeiter12345678910111213 dampftbeidir.de - Dein Online-Shop fürs Dampfen! Du interessiert dich für elektronische Zigaretten, Liquids oder Zubehör? Dann bist Du bei uns richtig. Wir bieten Euch ein breit gefächertes Sortiment an Produkten für Anfänger, Fortgeschrittene und Profi-Dampfer. Ebenso setzen wir auf ein großes Angebot an hochwertigen Liquids um euch ein sicheres und angenehmes Dampferlebniss zu ermöglichen. Best Seller TOP rauchFREI Liquids - Base Booster Nikotin Shot 20MG/ML 10ml 2,00€ ★ ★ ★ ★ ★ (18 reviews) NEW MY. Von Erl - e-Zigarette Starterpack 23,95€ ★ ★ ★ ★ ★ (14 reviews) NEW Aspire Gusto Mini Kit - by Element 28,90€ ★ ★ ★ ★ ★ (2 reviews) NEW HelixWires - Handmade Coils 6,50€ ★ ★ ★ ★ ★ (7 reviews) NEW rauchFREI Liquids - Base #premium 6,00€ ★ ★ ★ ★ ★ (13 reviews) Best Seller TOP rauchFREI Liquids - Base Booster Nikotin Shot 20MG/ML 10ml 2,00€ ★ ★ ★ ★ ★ (18 reviews) NEW MY. Von Erl - e-Zigarette Starterpack 23,95€ ★ ★ ★ ★ ★ (14 reviews) NEW Aspire Gusto Mini Kit - by Element 28,90€ ★ ★ ★ ★ ★ (2 reviews) NEW HelixWires - Handmade Coils 6,50€ ★ ★ ★ ★ ★ (7 reviews) NEW rauchFREI Liquids - Base #premium 6,00€ ★ ★ ★ ★ ★ (13 reviews) Top Marken In unserer Katergorie Starter präsentieren wir die besten Starter Kits namhafter Hersteller. Dank knapp 200 verschiedenen Liquids der besten Hersteller aus Deutschland und den USA, bleibt kaum ein Tank leer. Fortgeschrittene und Profis profitieren von der Auswahl an Box Mods, RDAs, RTAs und Zubehör. Unsere DIY Sektion bietet neben Aromen und Basen auch das nötige Zubehör, um dein eigenes Liquid sicher und qualitativ zu mischen. Die besten Marken zu Top Reisen. Selbstverständlich führen wir nur Originalprodukte der großen Marken, wie Joyetech, Geekvape, Smok, Aspire, Eleaf, Wismec, Kangertech, Tesla oder Vaporesso.Diese sind meist direkt mit Scratch & Check Codes und Seriennummern ausgestattet. Es ist sehr wichtig dass man sich auf die Qualität der Bauteile verlassen kann, um ein sicheres und angenehmes Dampfen zu ermöglichen. Informationen Die Übersicht an Informationen im Internet erschlägt oftmals Umsteiger und Anfänger. Wir haben die wichtigsten Fragen und Informationen zusammengefasst, um einen leichten Einstieg in die Welt des Dampfens zu ermöglichen. In unserem Facebook Feed und den Newslettern veröffentlichen wir stetig Neuigkeiten und Studien zum Thema Dampfen. Selbstverständlichen steht euch unserer Support-Team jederzeit, zur Beantwortung offener Fragen, zur Seite. Trotz unterschiedlichen Looks, Leistungsstufen und Produktgrößen ist der Grundaufbau einer elektronischen Zigarette immer identisch. Druch den Akkuträger wird die Leistung erzeugt und an das Tanksystem abgegeben. Im Tanksystem befindet sich eine Verdampfereinheit, die das eingefüllte Liquid aufnimmt. Durch die abgegebene Leistung wird die Verdampfereinheit erhitzt und das Liquid verdampft. Kontakt Instagram: @dampftbeidir.de dampftbeidir GmbH & Co. KG Gleiwitzer Straße 6 93073 Neutraubling Telefonsupport: 0941 99 22 57 07 Montag bis Freitag 13.00 bis 17.00 Uhr E-Mail: support@dampftbeidir.de 9.00 bis 19.00 Uhr Ladengeschäft: Montag bis Samstag 11.00 bis 19.00 Uhr Informationen Händler werden! Mischkalkulator und Basenrechner Partnershops Smartphone App Versand nach Österreich #dampfen Einsteiger Tips WhatsApp Support Zahlung und Versand Blog #dampftbeidir Dampfer Messen - Termine 2018 Dampfer Videos & YouTube Kanal Google My Business Webadresse Merchandise Retouren Management System AGB Datenschutz Impressum Sitemap Newsletter Produkthinweise Garantie Gesundheitshinweise E-Zigaretten Marken & Hersteller Selbstwickler & Sub-Ohm Umfragen Unsere Liquids Entsorgung Lithium-Ionen Akkus Widerrufsbelehrung Newsletter abonnieren Abmeldung jederzeit möglich Email-Adresse abonnieren * Alle Preise inkl. gesetzlicher USt. © dampftbeidir GmbH & Co. KG To Top Powered by DoofinderZertifikat prüfenKäuferschutzbedingungenAlle Bewertungen Impressum Datenschutz–Minimierendampftbeidir.de×KäuferschutzSie können sich nach dem Einkauf für die kostenlose Trusted Shops Mitgliedschaft Basic anmelden, inkl. Käuferschutz bis je 100 € für den aktuellen Einkauf sowie für Ihre weiteren Einkäufe in deutschen Shops mit dem Trusted Shops Gütesiegel.Mit Trusted Shops PLUS (inkl. Garantie) werden Ihre Einkäufe sogar bis je 20.000 € durch den Käuferschutz (inkl. Garantie) abgesichert, für 9,90 € pro Jahr inkl. MwSt. bei einer Mindestvertragslaufzeit von 1 Jahr. Die Absicherungsdauer des Käuferschutzes pro Einkauf beträgt in beiden Fällen 30 Tage.Es gelten die Mitgliedschafts- und Käuferschutzbedingungen.Zertifiziertseit 30.08.2016Käuferschutzbis zu 20.000 €×KundenbewertungenDie Note „Sehr gut“ berechnet sich aus den 1.514 Trusted Shops Bewertungen der letzten 12 Monate, die im Bewertungsprofil eingesehen werden können.1.724KundenbewertungenSehr gut4.89/5.0007.11.2017Gute und schnelle Lieferung mit gutem service02.03.2017Top Ware, guter Preis, schnelle Lieferung18.07.2017Super schnelle Lieferung"
35,danielfendler.com," Onlineshop für exklusive Trachtenmode - Daniel Fendler Suche Anmelden Warenkorb 0 Artikel Artikel 0 Keine Produkte versandkostenfrei Versand 0,00 € MwSt. 0,00 € Gesamt Preise inkl. MwSt. Warenkorb anzeigen Das Produkt wurde erfolgreich Ihrem Warenkorb hinzugefügt Menge Gesamt Es sind 0 Produkte im Warenkorb. Es ist ein Produkt im Warenkorb Gesamt Produkte (inkl. MwSt.) Versandkosten (exkl. MwSt.) versandkostenfrei MwSt. 0,00 € Gesamt (inkl. MwSt.) Einkauf fortsetzen Zur Kasse Kategorien Home TrachtenTracht für Damen Dirndl ""Red-Label""Dirndl ""Gold-Label""JackenStrickjackenTrachtenbluseDirndlblusenTracht für Herren JackenTrachtenwestenTrachtenhemdenLederhosenTrachten-PulloverHochzeitDamenBraut-Dirndl Braut-StrickjackenAccessoiresTrachten-AccessoiresCharivariMasskrugbänderSchmuckTaschenSaleaktuelle AngeboteSale DamenUnternehmenUnser Stammhaus Achtung neue AdresseUnser AtelierÜber Daniel FendlerBrautabteilung 123 Neu im ShopBeliebte ArtikelVerkaufshits » Do not allow new products at this time. Keine Highlights vorhanden Schnellansicht Lieferzeit: Designer Dirndl-Bluse... Designer Dirndl-Bluse kurzarm weiß MARIE Hübsche Dirndlbluse von Daniel Fendler in Weiß. Die Bluse besticht durch einen eckigen Kragen mit Raffung am Dekolleté und kurzen Ärmeln mit kleinem Rüschenabschluss. Durch ihre schlichte Eleganz, lässt sich die Bluse zu jedem Dirndl tragen. Hübsche Dirndlbluse von Daniel... 149,00 € Mehr Auf Lager Schnellansicht Lieferzeit: Designer Dirndl-Bluse weiß... Designer Dirndl-Bluse weiß glatter Ärmel SIGI Die klassische Dirndl-Bluse aus hochwertiger Baumwolle ist mit vielen, feinen Details ausgestattet. Der leichte Stehkragen wird am Ausschnitt und am Saum durch einen integrierten und elastischen Gummibund-Einsatz ergänzt. Ein Schlüsselloch-Ausschnitt in der Mitte setzt zusätzlich schöne Akzente. Die klassische Dirndl-Bluse aus... 129,00 € Mehr Auf Lager Schnellansicht Lieferzeit: Designer Dirndl-Bluse mit... Designer Dirndl-Bluse mit Puffärmel weiß MARIE Hübsche Dirndlbluse von Daniel Fendler in Weiß. Besticht durch einen eckigen Kragen mit Raffung am Dekolleté und kurzen Ärmeln mit kleinem Rüschenabschluss. Mit Gummizug am runden Rüschen-Ausschnitt und Saumabschluss sowie an den Puffärmel-Enden. Aus reiner Baumwolle. Durch ihre schlichte Eleganz, lässt sich die Bluse zu jedem Dirndl tragen. Hübsche Dirndlbluse von Daniel... 149,00 € Mehr Auf Lager Schnellansicht Lieferzeit: Artikel nicht mehr verfügbar Damen Designer Strick-Jacke... Damen Designer Strick-Jacke mit Stehkragen creme FANNY Die taillierte Jacke überzeugt dank der Verarbeitung von hochwertiger, weicher Merinowolle und des stilvollen Strick-Musters. Die taillierte Jacke überzeugt dank... 299,00 € Mehr Ausverkauft! Schnellansicht Lieferzeit: Damen Designer Strick-Jacke... Damen Designer Strick-Jacke mit Stehkragen taupe-nougat FANNY von Daniel Fendler Trachtencouture Das figurbetonende Modell überzeugt dank hochwertiger Verarbeitung, traditionellem Strickmuster und einer femininen Silhouette. Das figurbetonende Modell überzeugt... 299,00 € Mehr Auf Lager Schnellansicht Lieferzeit: Herren Designer... Herren Designer Trachten-Weste violett VALENTIN von Daniel Fendler Trachtencouture Die taillierte Trachtenweste überzeugt mit edlem Charme und schönen Details. Die taillierte Trachtenweste... 359,00 € Mehr Produkt in verschiedenen Ausführungen erhältlich Schnellansicht Lieferzeit: Herren Designer... Herren Designer Trachten-Weste schilf/grün VINZENZ von Daniel Fendler Trachtencouture Die edle Weste überzeugt mit zeitlosem Stil und schönen Details. Die edle Weste überzeugt mit... 369,00 € Mehr Auf Lager Schnellansicht Lieferzeit: Baumwoll-Designer-Dirndl... Baumwoll-Designer-Dirndl kurz violet mit Rosenprint und Seiden-Schürze violet ELLY Prachtvoll und mit verspielten Details präsentiert sich das hochwertige Dirndl mit ausgestelltem, schwingendem Rock und violet-grün changierender Seiden-Schürze. Das Modell mit Kugel-Knöpfen und Froschmäulchen-Borte am Mieder ist mit einem süßen Tupfen- und Rosenprint bedruckt. Prachtvoll und mit verspielten... 249,00 € vorher 628,00 € 628,00 € inkl. MwSt. zzgl. Versandkosten Mehr Reduziert! Auf Lager Schnellansicht Lieferzeit: Damen Designer Strick-Jacke... Damen Designer Strick-Jacke mit Stehkragen grün FANNY von Daniel Fendler Trachtencouture Fein gestrickt und mit einer femininen Silhouette überzeugt die traditionelle Strickjacke. Fein gestrickt und mit einer... 299,00 € Mehr Auf Lager Schnellansicht Lieferzeit: 2-3 Werktage Designer Dirndl-Bluse... Designer Dirndl-Bluse kurzarm weiß MELI von Daniel Fendler Trachtencouture Die feminine Bluse aus reiner Baumwolle ist mit einem elastischen Saum versehen, während die Ärmelenden mit kurzen Ärmelschlitzen zu knöpfen sind. Die feminine Bluse aus reiner... 179,00 € Mehr Auf Lager Daniel Fendler Trachtencouture - Ihr Trachten Online Shop für exklusive Trachtenmode Sie sind auf der Suche nach exklusiver hochwertiger Trachtenbekleidung? Dann sind Sie im neuen Online-Shop von Daniel Fendler Trachtencouture genau richtig!Wir bieten eine riesige Auswahl an hochwertiger Trachtenmode für Herren und Damen wie beispielsweise Dirndl´n und dazu passende Blusen, Lederhosen, Trachtenjacken, Westen, Hemden und hochwertigen Trachten-Accessoires wie beispielsweise Taschen oder Schürzen.Die exklusive Trachtenmode von Daniel Fendler können Sie zu jedem Anlass tragen! Der Trachten Shop für exklusive und hochwertige Damen- und Herrentrachten 50 Dirndl-Varianten bestehend aus 12 verschiedenen Stoffen in 15 verschiedenen Farben und 8 unterschiedlichen Mustern sind das Ergebnis der diesjährigen Trachten-Kollektion. Gegliedert in unsere Linien Gold Label (Couture) und Red Label (Prêt-à-Porter) bestechen 2014 alle Modelle unseres Ateliers durch gediegene schlichte Eleganz. Passend zu jeder Gelegenheit.Natürlich kommen auch die Herren bei uns nicht zu kurz: Trachtenhemden aus satinierter Baumwolle mit übergroßen, hohen Krägen und doppellagigen Manschetten, coole Lederhosen aus Hirschleder in Anthrazit und taillierte Janker mit farbigen Knopflöchern verwandeln Männer in fesche 'Buam'.Solides Handwerk ist Pflicht, modischer Anspruch die Kür. In Daniel Fendlers Trachtencouture manifestiert sich die Symbiose von Tradition und Zeitgeist in aufwendig von Hand verarbeiteten Modellen; jung, dynamisch, stilvoll. Eben Dirndl pur!Schauen Sie sich in unserem Online Shop einfach in Ruhe um. Die gewünschten Trachten-Produkte können Sie dann bequem und sicher im Online Shop kaufen und nach Hause liefern lassen. Gerne beraten wir Sie auch telefonisch oder über das bereitgestellte Kontaktformular. Termine im Daniel Fendler Trachtencouture Atelier in Edling erhalten Sie ebenfalls auf Anfrage.Viel Spaß beim shoppen wünscht Ihr Team von Daniel Fendler Trachtencouture Follow us on facebook Warum Daniel Fendler-Onlineshop Top Qualität / Exklusive Dirndl Schnelle Lieferung Perfekter Service Viele Zahlungsmöglichkeiten Neue Adresse: Daniel Fendler Trachtencouture c/o Das Aschauer Trachtenhaus Bahnhofstr. 25 83229 Aschau im Chiemgau Öffnungszeiten: Di. bis Fr. 10:00 Uhr bis 13:00 Uhr 14:00 Uhr bis 18:00 Uhr Sa. 10:00 Uhr bis 13:00 Uhr Telefon: +49 8052 9565901 E-Mail: info@danielfendler.de Die neuesten Einträge Unsere Messetermine 2018 Ausschließlich für Fachbesucher! Weiterlesen 14 Nov 2017, 12:12 News Licht aus - Stimmung an! Christkindlmarkt in Aschau Am 1. Dezember 2017 werden ab 17 Uhr im ganzen Ort die Lichter gedimmt und die Kerzen angezündet. Weiterlesen 14 Nov 2017, 11:12 News Unsere Trachten im Paradies auf den Malediven! Wir sind stolze Kooperationspartner des Jumeirah Vittaveli Resort auf den Malediven. Weiterlesen 13 Oct 2017, 12:01 News Achtung - wir sind umgezogen! Neuer Firmensitz von Daniel Fendler Trachtencouture Weiterlesen 29 May 2017, 10:17 News Kategorien Aktuelle Kollektion Trachten Tracht für Damen Tracht für Herren Hochzeit Damen Accessoires Trachten-Accessoires Sale aktuelle Angebote Sale Damen Informationen Sonderangebote Neue Artikel Top sellers Unsere Filialen Kontakt Versand Sitemap © 2014 Copyright by Daniel Fendler Impressum Datenschutz Wiederrufsbelehrung AGB FAQ Messe Größen Ihr Kundenbereich Ihre Bestellungen Ihre Rückvergütungen Ihre Adressen Ihre persönlichen Daten Ihre Gutscheine Stammhaus und Atelier Daniel Fendler Trachtencouture c/o Das Aschauer Trachtenhaus Bahnhofstr. 25 D-83229 Aschau im Chiemgau www.danielfendler.com Öffnungszeiten: Di. bis Fr. 10:00 - 13:00 Uhr 14:00 - 18:00 Uhr Sa: 10 - 13:00 Uhr Rufen Sie uns an: +49 8052 9565901 E-Mail info@danielfendler.de "
36,dekodor.de," Dekorationsartikel und Schmuck gibt es - günstig bei dekodor Sehr gut4.92/5.00Zertifiziert seit 21.06.2013×Zertifizierter Shop Suche Alle Alle Schmuck Advent-Winter-Weihnachten Dekoartikel Duftlampen Figuren Küche und Essen Vasen Uhren Gartendeko Skulpturen Windlichter Dekostoffe-Beutelchen Lampen Kerzen-Teelichter Kerzen- Teelichtgläser Kerzen- Teelichthalter Kerzenteller-Tabletts-Untersetzer Kunstblumen Raumdüfte-Öle-Zubehör Räucherartikel u. Zubehör Wellness Sonstige Dekorationsartikel Alle Schmuck Advent-Winter-Weihnachten Dekoartikel Duftlampen Figuren Küche und Essen Vasen Uhren Gartendeko Skulpturen Windlichter Dekostoffe-Beutelchen Lampen Kerzen-Teelichter Kerzen- Teelichtgläser Kerzen- Teelichthalter Kerzenteller-Tabletts-Untersetzer Kunstblumen Raumdüfte-Öle-Zubehör Räucherartikel u. Zubehör Wellness Sonstige Dekorationsartikel Suche... Erweiterte Suche Suchen Suche Alle Alle Schmuck Advent-Winter-Weihnachten Dekoartikel Duftlampen Figuren Küche und Essen Vasen Uhren Gartendeko Skulpturen Windlichter Dekostoffe-Beutelchen Lampen Kerzen-Teelichter Kerzen- Teelichtgläser Kerzen- Teelichthalter Kerzenteller-Tabletts-Untersetzer Kunstblumen Raumdüfte-Öle-Zubehör Räucherartikel u. Zubehör Wellness Sonstige Dekorationsartikel Alle Schmuck Advent-Winter-Weihnachten Dekoartikel Duftlampen Figuren Küche und Essen Vasen Uhren Gartendeko Skulpturen Windlichter Dekostoffe-Beutelchen Lampen Kerzen-Teelichter Kerzen- Teelichtgläser Kerzen- Teelichthalter Kerzenteller-Tabletts-Untersetzer Kunstblumen Raumdüfte-Öle-Zubehör Räucherartikel u. Zubehör Wellness Sonstige Dekorationsartikel Suche... Erweiterte Suche Kundenlogin Kundenlogin Konto erstellen Passwort vergessen? Merkzettel 0 Suche Alle Alle Schmuck Advent-Winter-Weihnachten Dekoartikel Duftlampen Figuren Küche und Essen Vasen Uhren Gartendeko Skulpturen Windlichter Dekostoffe-Beutelchen Lampen Kerzen-Teelichter Kerzen- Teelichtgläser Kerzen- Teelichthalter Kerzenteller-Tabletts-Untersetzer Kunstblumen Raumdüfte-Öle-Zubehör Räucherartikel u. Zubehör Wellness Sonstige Dekorationsartikel Alle Schmuck Advent-Winter-Weihnachten Dekoartikel Duftlampen Figuren Küche und Essen Vasen Uhren Gartendeko Skulpturen Windlichter Dekostoffe-Beutelchen Lampen Kerzen-Teelichter Kerzen- Teelichtgläser Kerzen- Teelichthalter Kerzenteller-Tabletts-Untersetzer Kunstblumen Raumdüfte-Öle-Zubehör Räucherartikel u. Zubehör Wellness Sonstige Dekorationsartikel Suche... Erweiterte Suche D E K O D O R Dekorationsartikel und Schmuck Ihr Warenkorb 0,00 EUR Sie haben noch keine Artikel in Ihrem Warenkorb. Schmuck Schmuck anzeigen Armschmuck Armschmuck anzeigen Armschmuck aus Edelstahl Armschmuck aus Gold Armschmuck aus Silber Armschmuck aus sonstigen Materialien Halsschmuck Halsschmuck anzeigen Halsschmuck aus Edelstahl Halsschmuck aus Gold Halsschmuck aus Silber Halsschmuck aus sonstigen Materialien Ohrschmuck Ohrschmuck anzeigen Ohrschmuck aus Edelstahl Ohrschmuck aus Gold Ohrschmuck aus Silber Ohrschmuck aus sonstigen Materialien Anhänger - Medaillons Anhänger - Medaillons anzeigen Anhänger - Medaillons aus Edelstahl Anhänger - Medaillons aus Gold Anhänger - Medaillons aus Silber Anhänger - Medaillons verschiedene Materialien Gemshine Schmuck Gemshine Schmuck anzeigen Gemshine Armschmuck Gemshine Halsschmuck Gemshine Ohrschmuck Anhänger Sternzeichen Anhänger Länder aus Gold Anhänger Länder aus Silber Schmuckaufbewahrung Sonstiger Schmuck Schmuck anzeigen Advent-Winter-Weihnachten Advent-Winter-Weihnachten anzeigen Adventskränze Kerzenhalter-Teelichthalter sonstige weihnachtliche Artikel Weihnachtliche Deko-Figuren Weihnachtliche Hängedekoration Weihnachtliche Kerzen-Teelichter Advent-Winter-Weihnachten anzeigen Dekoartikel Dekoartikel anzeigen Deko-Kugeln Fensterdekoration Flaschenhalter Hängedekoration Herz-Dekoration Schlüsselanhänger-Schlüsselkasten Sonstige Deko-Artikel Sparschweine Spardosen Wanddekoration Zimmerbrunnen Dekoartikel anzeigen Duftlampen Duftlampen anzeigen Duftdrops Duftlampen aus Glas Duftlampen aus Keramik Duftlampen, Metall Sonstige Duftlampen Duftlampen anzeigen Figuren Figuren anzeigen Buddha-Figuren Engel-Figuren Eulen-Figuren Frosch-Figuren Tierfiguren Wichtel Yoga-Figuren Figuren anzeigen Küche und Essen Küche und Essen anzeigen Fondue-Sets Kaffee-Sets Schalen-Teller Sonstige Küchenartikel Kaffeebecher-Tassen Küche und Essen anzeigen Uhren Uhren anzeigen Küchenuhren Tischuhren Wanduhren Wecker Uhren anzeigen Vasen Gartendeko Gartendeko anzeigen Gartendeko Pflanzgefäße Gartendeko anzeigen Skulpturen Windlichter Dekostoffe-Beutelchen Lampen Kerzen-Teelichter Kerzen-Teelichter anzeigen Duftkerzen-Duftteelichter Kerzen Teelichter Kerzen-Teelichter anzeigen Kerzen- Teelichtgläser Kerzen- Teelichthalter Kerzen- Teelichthalter anzeigen Kerzenhalter Teelichthalter Kerzen- Teelichthalter anzeigen Kerzenteller-Tabletts-Untersetzer Kunstblumen Raumdüfte-Öle-Zubehör Räucherartikel u. Zubehör Wellness Sonstige Dekorationsartikel Weitere Startseite Bei uns finden Sie Dekorationsartikel und Schmuck Herzlich willkommen bei DEKODOR (Doris Wettläufer). DEKODOR ist ein Onlineshop mit einer großen Auswahl an Dekorationsartikeln und Schmuck. Wir möchten alle ansprechen, die gerne Ihr Zuhause schöner gestalten oder anderen eine Freude machen möchten, weil wir verkaufen, was wir selber gerne geschenkt bekommen würden. Beim Stöbern in unserem Shop werden Sie immer wieder wunderbare Kleinigkeiten finden. Für Feierlichkeiten, wie zum Beispiel Geburtstag, Hochzeit, Ostern oder Weihnachten, haben wir sicherlich auch das Richtige für Sie in unserem Shop dabei. Auch wenn es um ein schlichtes Dankeschön geht, bei unserer einzigartigen Auswahl werden Sie fündig. Geschmackvolle Kerzengläser, Teelichtgläser, Windlichter oder wunderschöne Lampen mit denen Sie am Abend ein gemütliches warmes Licht im Haus oder auf Ihrer Terrasse zaubern. Mit Aroma- und Duftlampen können Sie jeden Raum mit dezenten und zauberhaften Raumdüften, Duftölen oder Duftdrops erfüllen und so eine individuelle Stimmung erzeugen. Für Ihre Dekoration haben wir eine Vielzahl schöner Deko Figuren und Skulpturen wie zum Beispiel Eulen, Frösche, Engel, Wichtel und vieles mehr in verschiedenen Variationen. Schauen Sie hierzu einfach mal in die Kategorie Figuren oder Skulpturen rein. Bei uns finden Sie auch ausgefallene Dekorationsartikel, wie zum Beispiel Yoga-Frauen und Yoga-Frösche die in verschiedenen Stellungen dem Betrachter ein Lächeln ins Gesicht zaubern, probieren Sie es doch mal aus. Wunderschöne Deko Stoffe in großer farblicher Auswahl, mit denen man die attraktivsten Dekorationen erstellen kann und die für ein angenehmes Ambiente sorgen. Mit diesen hochwertigen Stoffen sind den vielfältigen Gestaltungsmöglichkeiten kaum Grenzen gesetzt. Die große Auswahl macht es möglich, die Stoffe passend zur Einrichtung auszusuchen und so für besondere Effekte zu sorgen. Für den Küchenbereich finden Sie bei uns eine Auswahl an schönen Kaffee Sets, Tassen mit Untertassen, Kaffeebechern, Fondue Sets oder formschöne Ständer für die Kaffeepads. Zur Küchendekoration gehören auch unsere wunderschönen Schalen und Teller. Damit der Schmuck nicht überall herumliegt, haben wir liebevoll gearbeitete Schatullen, Schmuckkästen, Schmuckboxen oder Schmuckpuppen, die die Schmuckaufbewahrung leichter und schöner machen. Seit kurzem haben wir auch traumhaften Schmuck wie zum Beispiel Armbänder, Halsketten, Anhänger, Medaillons und Ohrringe für Sie in einer großer Auswahl vorrätig. Für den Außenbereich werden Sie bei uns ebenfalls fündig, ob Garten oder Balkon. Windlichter in allen Größen oder nette Gartendekorationen verschönern die Terrasse oder den Balkon. Für jeden Geschmack ist bestimmt etwas dabei. Nun wünsche ich Ihnen viel Spaß beim Stöbern im Online Shop dekodor.de. Ihre Doris Wettläufer Angebote -72% Schweinchen auf einem Stein, Lebe deinen... Lieferzeit: 2-5 Tage statt 2,90 EUR Nur 0,80 EUR -25% Weiße Keramik-Duftlampe, 11 cm Lieferzeit: 2-5 Tage statt 3,90 EUR Nur 2,90 EUR -33% Yoga-Frosch in Schwarz und Weiß Lieferzeit: 2-5 Tage statt 5,90 EUR Nur 3,90 EUR -50% Votivglas grün aus satiniertem Glas Lieferzeit: 2-5 Tage statt 1,20 EUR Nur 0,60 EUR -59% Glaslampe mit Engeln für Teelichter Lieferzeit: 2-5 Tage statt 3,90 EUR Nur 1,60 EUR Neue Artikel NEU Teelichthalter in Weiß aus Keramik, 10 x... Lieferzeit: 2-5 Tage 11,80 EUR NEU edle Keramikschale matt weiß mit Relifierung,... Lieferzeit: 2-5 Tage 26,50 EUR NEU Moderne Vase mit Loch aus Keramik in Weiß... Lieferzeit: 2-5 Tage 34,60 EUR NEU Moderne Halbmondvase mit Relifierung, 10x8x12... Lieferzeit: 2-5 Tage 18,90 EUR NEU Moderne Vase mit Loch mit Relifierung, 8x24x22... Lieferzeit: 2-5 Tage 29,50 EUR Aufgrund der Lichtverhältnisse bei der Produktfotografie und den unterschiedlichen Bildschirmeinstellungen kann es dazu kommen, dass die Farbe des Produktes nicht authentisch wiedergegeben wird. Schmuck Schmuck anzeigen Armschmuck Armschmuck anzeigen Armschmuck aus Edelstahl Armschmuck aus Gold Armschmuck aus Silber Armschmuck aus sonstigen Materialien Halsschmuck Halsschmuck anzeigen Halsschmuck aus Edelstahl Halsschmuck aus Gold Halsschmuck aus Silber Halsschmuck aus sonstigen Materialien Ohrschmuck Ohrschmuck anzeigen Ohrschmuck aus Edelstahl Ohrschmuck aus Gold Ohrschmuck aus Silber Ohrschmuck aus sonstigen Materialien Anhänger - Medaillons Anhänger - Medaillons anzeigen Anhänger - Medaillons aus Edelstahl Anhänger - Medaillons aus Gold Anhänger - Medaillons aus Silber Anhänger - Medaillons verschiedene Materialien Gemshine Schmuck Gemshine Schmuck anzeigen Gemshine Armschmuck Gemshine Halsschmuck Gemshine Ohrschmuck Anhänger Sternzeichen Anhänger Länder aus Gold Anhänger Länder aus Silber Schmuckaufbewahrung Sonstiger Schmuck Advent-Winter-Weihnachten Advent-Winter-Weihnachten anzeigen Adventskränze Kerzenhalter-Teelichthalter sonstige weihnachtliche Artikel Weihnachtliche Deko-Figuren Weihnachtliche Hängedekoration Weihnachtliche Kerzen-Teelichter Dekoartikel Dekoartikel anzeigen Deko-Kugeln Fensterdekoration Flaschenhalter Hängedekoration Herz-Dekoration Schlüsselanhänger-Schlüsselkasten Sonstige Deko-Artikel Sparschweine Spardosen Wanddekoration Zimmerbrunnen Duftlampen Duftlampen anzeigen Duftdrops Duftlampen aus Glas Duftlampen aus Keramik Duftlampen, Metall Sonstige Duftlampen Figuren Figuren anzeigen Buddha-Figuren Engel-Figuren Eulen-Figuren Frosch-Figuren Tierfiguren Wichtel Yoga-Figuren Küche und Essen Küche und Essen anzeigen Fondue-Sets Kaffee-Sets Schalen-Teller Sonstige Küchenartikel Kaffeebecher-Tassen Uhren Uhren anzeigen Küchenuhren Tischuhren Wanduhren Wecker Vasen Gartendeko Gartendeko anzeigen Gartendeko Pflanzgefäße Skulpturen Windlichter Dekostoffe-Beutelchen Lampen Kerzen-Teelichter Kerzen-Teelichter anzeigen Duftkerzen-Duftteelichter Kerzen Teelichter Kerzen- Teelichtgläser Kerzen- Teelichthalter Kerzen- Teelichthalter anzeigen Kerzenhalter Teelichthalter Kerzenteller-Tabletts-Untersetzer Kunstblumen Raumdüfte-Öle-Zubehör Räucherartikel u. Zubehör Wellness Sonstige Dekorationsartikel Angebote Duftöl Rose, 10 ml Flasche statt 2,30 EUR Nur 1,50 EUR 15,00 EUR pro 100 ml Hersteller Bitte wählenAMSAMSELAtlantaBollwegDavidtsdioDunoonFiguraFormanofriedrich-lederwarenG. WurmGemshine SchmuckGildeGlas ArtGözzeHermleJOBOJohnsonK-EDITIONLafinesseLife-Trends24LockerMichel ToysPAJOMARhytumS.W.w. SchmuckwarenSacherSandra RichSTERLINKSTFAWermWurm Neue Artikel GILDE Engel Figur Winterstory aus Glas mit winterlichem Muster, 20 cm 24,80 EUR Kundenlogin E-Mail-Adresse Passwort Anmelden Ratenzahlung Powered by PayPal Zahlen Sie bei uns bequem und einfach mit DEKODOR: Wunderschöne Wohnaccessoires und modischen Schmuck können Sie günstig in unserem Online-Shop kaufen. Informationen ⋅ Impressum ⋅ Widerruf ⋅ AGB ⋅ Versandkosten ⋅ Zahlungsbedingungen ⋅ Datenschutz ⋅ Sitemap ⋅ Batteriehinweise ⋅ Bildnachweis Quick-Links ⋅ Merkzettel ⋅ Warenkorb ⋅ Mein Konto - Login ⋅ Logout ⋅ Kasse ⋅ Kontaktformular Über SSL-Zertifikate Webshop by Gambio.de © 2017 {{#title}} {{title}} {{/title}} {{{items.src}}} {{#showButtons}} {{#buttons}} {{name}} {{/buttons}} {{/showButtons}} {{#content}} {{.}} {{/content}} {{#content}} {{{.}}} {{/content}} 590F82E21F7BD31054A93BE77E7A3459 Zertifikat prüfenKäuferschutzbedingungenAlle Bewertungen Impressum Datenschutz+Maximieren×SchließenSehr gut4.92/5.00Zertifizierter ShopZertifikat prüfenKäuferschutzbedingungenAlle Bewertungen Impressum Datenschutz–Minimierendekodor.de×KäuferschutzSie können sich nach dem Einkauf für die kostenlose Trusted Shops Mitgliedschaft Basic anmelden, inkl. Käuferschutz bis je 100 € für den aktuellen Einkauf sowie für Ihre weiteren Einkäufe in deutschen Shops mit dem Trusted Shops Gütesiegel.Mit Trusted Shops PLUS (inkl. Garantie) werden Ihre Einkäufe sogar bis je 20.000 € durch den Käuferschutz (inkl. Garantie) abgesichert, für 9,90 € pro Jahr inkl. MwSt. bei einer Mindestvertragslaufzeit von 1 Jahr. Die Absicherungsdauer des Käuferschutzes pro Einkauf beträgt in beiden Fällen 30 Tage.Es gelten die Mitgliedschafts- und Käuferschutzbedingungen.Zertifiziertseit 21.06.2013Käuferschutzbis zu 20.000 €×KundenbewertungenDie Note „Sehr gut“ berechnet sich aus den 8 Trusted Shops Bewertungen der letzten 12 Monate, die im Bewertungsprofil eingesehen werden können.34KundenbewertungenSehr gut4.92/5.00Renate J18.10.2017echt toll, alles passtRudolf G26.08.2017Schnelle Lieferung und alles in Ordnung.02.03.2017Guter Service"
37,der-fellmann.de," Hochwertige Lammfell & Naturfellprodukte bei Der Fellmann | Der Fellmann - Naturfellprodukte Verstanden!Diese Seite benutzt Cookies, um Ihnen das bestmögliche Erlebnis zu bieten. Mehr InformationenCookie Consent plugin for the EU cookie law Um Der Fellmann - Naturfellprodukte in vollem Umfang nutzen zu können, empfehlen wir Ihnen Javascript in Ihrem Browser zu aktiveren. Schnelle Lieferung Versandkostenfrei in Deutschland Langjährige Lammfell und Schaffell Erfahrung Service/Hilfe Häufig gestellte Fragen Versandbedingungen Widerrufsrecht Datenschutz AGB Impressum Kontakt Über uns Merkzettel Mein Konto Menü Suchen Suchen Mein Konto Warenkorb 0 Warenkorb | 0,00 € BekleidungFelleLammfellschuheBabyweltTierweltFelldeckenFellteppicheAccessoiresKuscheloaseGesund & FitSalesBlog Zur Kategorie Bekleidung Damenbekleidung Lammfelljacken Lederjacken Lammfellmäntel Ledermäntel Lammfellwesten Lederweste Fuchsweste Lederhose Lederkleid Herrenbekleidung Lammfelljacken Lederjacken Lammfellmäntel Ledermäntel Lammfellwesten Lederweste / Lederhose Baby- & Kinderbekleidung Lammfellwesten Zur Kategorie Felle Lammfelle Unikate Schaffelle Kuhfelle / Kalbsfelle Rentierfelle Bekleidungsfelle Bastelfelle Zur Kategorie Lammfellschuhe Damen Lammfell Hausschuhe Lammfell Straßenschuhe Herren Lammfell Hausschuhe Kinder Lammfell Hauschuhe Lammfell Straßenschuhe Baby Lammfell Hausschuhe Lammfell Fußwärmer Zur Kategorie Babywelt Lammfell Baby Gold Lammfellspieldecke Lammfell Einlagen Kinderwagen Autositz Baby- & Kinderbekleidung Lammfellweste Fellmütze Babyschuhe Lammfell Hausschuhe Kinderwagenzubehör aus Lammfell Kinderwagen Lammfellhandwärmer Zur Kategorie Tierwelt Lammfelle Lammfelldecken / Betten Lammfellwesten für Hunde Zur Kategorie Felldecken Lammfelldecken Fuchsdecken Zur Kategorie Fellteppiche Lammfellteppiche Fuchsteppiche Zur Kategorie Accessoires Herrenaccessoires Fellmützen Damenaccessoires Fellmützen Fellhandschuhe Muff Baby- & Kinderaccessoires Fellmützen Zur Kategorie Kuscheloase Lammfelldecken Fuchsdecken Lammfell Sitzkissen & Hocker Lammfellkissen Lammfell Wärmflaschen Lammfell Nierenwärmer Zur Kategorie Gesund & Fit Medizinisches Lammfell Medizinisches Unterbett Lammfell Nackenhörnchen Lammfell Nierenwärmer Lammfell Schuheinlagen Lammfell Wärmflaschen Lammfell Fahrradsattelbezug Zur Kategorie Sales Zur Kategorie Blog Entdeckungstour rund um Der Fellmann Aktionen von Der Fellmann  Menü Suchen Suchen Mein Konto Warenkorb 0 Warenkorb | 0,00 € Menü schließen Kategorien Bekleidung Felle Lammfellschuhe Babywelt Tierwelt Felldecken Fellteppiche Accessoires Kuscheloase Gesund & Fit Sales Blog Informationen Häufig gestellte Fragen Versandbedingungen Widerrufsrecht Datenschutz AGB Impressum Kontakt Über uns 09221 39 14 636 Mo. - Fr.: 10:00-18:00 Uhr info@der-fellmann.de Bald ist Weihnachten Jetzt Wärme schenken Entdecken Sie unsere Topseller KUSCHELIGE BABY-TRÄUME WÄRME, DIE DU SPÜRST HAUSSCHUHE ZUM WOHLFÜHLEN PREMIUM STREET STYLES TRENDS DER SAISON Entdecken Sie hochwertige Lammfelle, Lederwaren & Naturfellprodukte Ein Fell für Alle Fälle: Ob zum Kuscheln oder als Bekleidung: Unsere Lammfelle - Made in Germany und aus artgerechter Tierhaltung - werden in unserem Familienbetrieb verarbeitet und veredelt. Hochwertige Bekleidung Lammfell-Schuhe Lammfell-Accessoires Babywelt Lammfell-Teppiche Tierwelt Topseller Lammfell Hausschuhe - BALI EUR 36 Cognac ab 36,00 € Lammfelljacke - JESSY S Schwarz 349,00 € Lammfell - NATUR FARBEN 70-80 Weiß ab 35,00 € Lammfell - SITZKISSEN / STUHLAUFLAGE rund Ø 35... 20,00 € Lammfell - NIERENGURT S Weiß ab 19,90 € Lammfell Hausschuhe - ZUGSPITZE EUR 36 39,00 € Lammfell - FUSSWÄRMER Beige 49,99 € Lammfell - BABY GOLD 100-110 ab 39,00 € Lammfell - GEFLAMMT 80-90 Stracciatella ab 35,99 € Lammfell Hausschuhe - BALI EUR 36 Cognac ab 36,00 € Lammfelljacke - JESSY S Schwarz 349,00 € Lammfell - NATUR FARBEN 70-80 Weiß ab 35,00 € Lammfell - SITZKISSEN / STUHLAUFLAGE rund Ø 35... 20,00 € Lammfell - NIERENGURT S Weiß ab 19,90 € Hochwertiges Lammfell und Naturfellprodukte kaufen Insbesondere im Winter gibt es nichts Schöneres, als sich in warme Decken, Jacken, Schuhe oder Mützen aus Lammfell zu kuscheln. Lammfelle sind Naturfellprodukte und zeichnen sich durch folgende Eigenschaften aus: • atmungsaktiv • schmutzabweisend • 100 % natürlich (demnach für Allergiker geeignet) • eiweißhaltig (wichtig, um Pilze, Bakterien und Milben abzuweisen) • gesundheitsfördernd (z. B. Linderung rheumatischer Beschwerden) • qualitativ hochwertig Decken aus Lammfell für einen gesunden Schlaf Nach einem anstrengenden Tag freut sich jeder auf ein Bett mit kuscheligen Decken aus Lammfell. Die flauschigen und temperaturausgleichenden Naturfellprodukte unterstützen einen gesunden und erholsamen Schlaf. Dieser ist für Menschen besonders wichtig, da das Gehirn während des Schlafs ?aufräumt?. Das heißt, unsere Erlebnisse werden verarbeitet und Gelerntes wird verfestigt. Zudem werden Zellen repariert und neugebildet. Diese Funktion ist vor allem für Babys und Kinder von großer Bedeutung. Deshalb gibt es auch in unserer Babywelt eine Naturfellprodukte-Auswahl. Decken aus Lammfell unterstützen also Ihre Gesundheit und Ihr Wohlbefinden. Durch den automatischen Temperaturausgleich der Naturfellprodukte frieren oder schwitzen Sie beim Schlafen mit einer Decke aus Lammfell nicht. Viele Ärzte haben die positive Wirkung von Lammfell-Produkten mittlerweile auch erkannt und verschreiben deshalb medizinisches Lammfell als Unterbett bei Rheuma, Schlafstörungen, etc. Da es sich bei Lammfellen um Naturfellprodukte handelt, sind die kuscheligen Decken auch für Allergiker geeignet. Schließlich verhindert der Eiweißgehalt der Naturfellprodukte, dass sich Milben, Pilze oder Bakterien einnisten. Lammfelldecken können sogar Hautkrankheiten (z. B. Dekubital-Geschwüre) vorbeugen. Unsere Decken zeichnen sich durch höchste Qualität, Atmungsaktivität, Strapazierfähigkeit und Pflegeleichtigkeit aus. Weitere Naturfellprodukte mit hohem Tragekomfort Egal ob eine Lammfellweste oder ein Lammfellmantel, diese Produkte sind zeitlos, kuschelig und stylisch. Selbst wenn es draußen stürmt oder schneit, mit einer Jacke aus Lammfell kommen Sie durch jede Jahreszeit und sind dabei auch noch top-modisch gekleidet. Die klassischen Naturfellprodukte kann man Jahrzehnte tragen. Somit sind sie eine sich lohnende Investition. Selbst Stars und Sternchen lieben Jacken aus Lammfell und zeigen sich damit regelmäßig auf dem roten Teppich. Warum? Ganz klar: Diese Jacken sind atmungsaktiv, pflegeleicht, schmutzabweisen und garantieren ein angenehmes Tragegefühl bei kalten und warmen Temperaturen. In unserem Sortiment führen wir sowohl die Kategorie Lammfelljacke Damen als auch die Kategorie Lammfelljacke Herren. Hochwertiges Lammfell und Naturfellprodukte kaufen Insbesondere im Winter gibt es nichts Schöneres, als sich in warme Decken, Jacken, Schuhe oder Mützen aus Lammfell zu kuscheln. Lammfelle sind Naturfellprodukte und zeichnen sich durch folgende Eigenschaften aus: • atmungsaktiv • schmutzabweisend • 100 % natürlich (demnach für Allergiker geeignet) • eiweißhaltig (wichtig, um Pilze, Bakterien und Milben abzuweisen) • gesundheitsfördernd (z. B. Linderung rheumatischer Beschwerden) • qualitativ hochwertig Decken aus Lammfell für einen gesunden Schlaf Nach einem anstrengenden Tag freut sich jeder auf ein Bett mit kuscheligen Decken aus Lammfell. Die flauschigen und temperaturausgleichenden Naturfellprodukte unterstützen einen gesunden und erholsamen Schlaf. Dieser ist für Menschen besonders wichtig, da das Gehirn während des Schlafs ?aufräumt?. Das heißt, unsere Erlebnisse werden verarbeitet und Gelerntes wird verfestigt. Zudem werden Zellen repariert und neugebildet. Diese Funktion ist vor allem für Babys und Kinder von großer Bedeutung. Deshalb gibt es auch in unserer Babywelt eine Naturfellprodukte-Auswahl. Decken aus Lammfell unterstützen also Ihre Gesundheit und Ihr Wohlbefinden. Durch den automatischen Temperaturausgleich der Naturfellprodukte frieren oder schwitzen Sie beim Schlafen mit einer Decke aus Lammfell nicht. Viele Ärzte haben die positive Wirkung von Lammfell-Produkten mittlerweile auch erkannt und verschreiben deshalb medizinisches Lammfell als Unterbett bei Rheuma, Schlafstörungen, etc. Da es sich bei Lammfellen um Naturfellprodukte handelt, sind die kuscheligen Decken auch für Allergiker geeignet. Schließlich verhindert der Eiweißgehalt der Naturfellprodukte, dass sich Milben, Pilze oder Bakterien einnisten. Lammfelldecken können sogar Hautkrankheiten (z. B. Dekubital-Geschwüre) vorbeugen. Unsere Decken zeichnen sich durch höchste Qualität, Atmungsaktivität, Strapazierfähigkeit und Pflegeleichtigkeit aus. Weitere Naturfellprodukte mit hohem Tragekomfort Egal ob eine Lammfellweste oder ein Lammfellmantel, diese Produkte sind zeitlos, kuschelig und stylisch. Selbst wenn es draußen stürmt oder schneit, mit einer Jacke aus Lammfell kommen Sie durch jede Jahreszeit und sind dabei auch noch top-modisch gekleidet. Die klassischen Naturfellprodukte kann man Jahrzehnte tragen. Somit sind sie eine sich lohnende Investition. Selbst Stars und Sternchen lieben Jacken aus Lammfell und zeigen sich damit regelmäßig auf dem roten Teppich. Warum? Ganz klar: Diese Jacken sind atmungsaktiv, pflegeleicht, schmutzabweisen und garantieren ein angenehmes Tragegefühl bei kalten und warmen Temperaturen. In unserem Sortiment führen wir sowohl die Kategorie Lammfelljacke Damen als auch die Kategorie Lammfelljacke Herren. Hochwertiges Lammfell und Naturfellprodukte kaufen Insbesondere im Winter gibt es nichts Schöneres, als sich in warme Decken, Jacken, Schuhe oder Mützen aus Lammfell zu kuscheln. Lammfelle sind Naturfellprodukte und zeichnen sich durch folgende Eigenschaften aus: • atmungsaktiv • schmutzabweisend • 100 % natürlich (demnach für Allergiker geeignet) • eiweißhaltig (wichtig, um Pilze, Bakterien und Milben abzuweisen) • gesundheitsfördernd (z. B. Linderung rheumatischer Beschwerden) • qualitativ hochwertig Decken aus Lammfell für einen gesunden Schlaf Nach einem anstrengenden Tag freut sich jeder auf ein Bett mit kuscheligen Decken aus Lammfell. Die flauschigen und temperaturausgleichenden Naturfellprodukte unterstützen einen gesunden und erholsamen Schlaf. Dieser ist für Menschen besonders wichtig, da das Gehirn während des Schlafs ?aufräumt?. Das heißt, unsere Erlebnisse werden verarbeitet und Gelerntes wird verfestigt. Zudem werden Zellen repariert und neugebildet. Diese Funktion ist vor allem für Babys und Kinder von großer Bedeutung. Deshalb gibt es auch in unserer Babywelt eine Naturfellprodukte-Auswahl. Decken aus Lammfell unterstützen also Ihre Gesundheit und Ihr Wohlbefinden. Durch den automatischen Temperaturausgleich der Naturfellprodukte frieren oder schwitzen Sie beim Schlafen mit einer Decke aus Lammfell nicht. Viele Ärzte haben die positive Wirkung von Lammfell-Produkten mittlerweile auch erkannt und verschreiben deshalb medizinisches Lammfell als Unterbett bei Rheuma, Schlafstörungen, etc. Da es sich bei Lammfellen um Naturfellprodukte handelt, sind die kuscheligen Decken auch für Allergiker geeignet. Schließlich verhindert der Eiweißgehalt der Naturfellprodukte, dass sich Milben, Pilze oder Bakterien einnisten. Lammfelldecken können sogar Hautkrankheiten (z. B. Dekubital-Geschwüre) vorbeugen. Unsere Decken zeichnen sich durch höchste Qualität, Atmungsaktivität, Strapazierfähigkeit und Pflegeleichtigkeit aus. Weitere Naturfellprodukte mit hohem Tragekomfort Egal ob eine Lammfellweste oder ein Lammfellmantel, diese Produkte sind zeitlos, kuschelig und stylisch. Selbst wenn es draußen stürmt oder schneit, mit einer Jacke aus Lammfell kommen Sie durch jede Jahreszeit und sind dabei auch noch top-modisch gekleidet. Die klassischen Naturfellprodukte kann man Jahrzehnte tragen. Somit sind sie eine sich lohnende Investition. Selbst Stars und Sternchen lieben Jacken aus Lammfell und zeigen sich damit regelmäßig auf dem roten Teppich. Warum? Ganz klar: Diese Jacken sind atmungsaktiv, pflegeleicht, schmutzabweisen und garantieren ein angenehmes Tragegefühl bei kalten und warmen Temperaturen. In unserem Sortiment führen wir sowohl die Kategorie Lammfelljacke Damen als auch die Kategorie Lammfelljacke Herren. Hochwertiges Lammfell und Naturfellprodukte kaufen Insbesondere im Winter gibt es nichts Schöneres, als sich in warme Decken, Jacken, Schuhe oder Mützen aus Lammfell zu kuscheln. Lammfelle sind Naturfellprodukte und zeichnen sich durch folgende Eigenschaften aus: • atmungsaktiv • schmutzabweisend • 100 % natürlich (demnach für Allergiker geeignet) • eiweißhaltig (wichtig, um Pilze, Bakterien und Milben abzuweisen) • gesundheitsfördernd (z. B. Linderung rheumatischer Beschwerden) • qualitativ hochwertig Decken aus Lammfell für einen gesunden Schlaf Nach einem anstrengenden Tag freut sich jeder auf ein Bett mit kuscheligen Decken aus Lammfell. Die flauschigen und temperaturausgleichenden Naturfellprodukte unterstützen einen gesunden und erholsamen Schlaf. Dieser ist für Menschen besonders wichtig, da das Gehirn während des Schlafs ?aufräumt?. Das heißt, unsere Erlebnisse werden verarbeitet und Gelerntes wird verfestigt. Zudem werden Zellen repariert und neugebildet. Diese Funktion ist vor allem für Babys und Kinder von großer Bedeutung. Deshalb gibt es auch in unserer Babywelt eine Naturfellprodukte-Auswahl. Decken aus Lammfell unterstützen also Ihre Gesundheit und Ihr Wohlbefinden. Durch den automatischen Temperaturausgleich der Naturfellprodukte frieren oder schwitzen Sie beim Schlafen mit einer Decke aus Lammfell nicht. Viele Ärzte haben die positive Wirkung von Lammfell-Produkten mittlerweile auch erkannt und verschreiben deshalb medizinisches Lammfell als Unterbett bei Rheuma, Schlafstörungen, etc. Da es sich bei Lammfellen um Naturfellprodukte handelt, sind die kuscheligen Decken auch für Allergiker geeignet. Schließlich verhindert der Eiweißgehalt der Naturfellprodukte, dass sich Milben, Pilze oder Bakterien einnisten. Lammfelldecken können sogar Hautkrankheiten (z. B. Dekubital-Geschwüre) vorbeugen. Unsere Decken zeichnen sich durch höchste Qualität, Atmungsaktivität, Strapazierfähigkeit und Pflegeleichtigkeit aus. Weitere Naturfellprodukte mit hohem Tragekomfort Egal ob eine Lammfellweste oder ein Lammfellmantel, diese Produkte sind zeitlos, kuschelig und stylisch. Selbst wenn es draußen stürmt oder schneit, mit einer Jacke aus Lammfell kommen Sie durch jede Jahreszeit und sind dabei auch noch top-modisch gekleidet. Die klassischen Naturfellprodukte kann man Jahrzehnte tragen. Somit sind sie eine sich lohnende Investition. Selbst Stars und Sternchen lieben Jacken aus Lammfell und zeigen sich damit regelmäßig auf dem roten Teppich. Warum? Ganz klar: Diese Jacken sind atmungsaktiv, pflegeleicht, schmutzabweisen und garantieren ein angenehmes Tragegefühl bei kalten und warmen Temperaturen. In unserem Sortiment führen wir sowohl die Kategorie Lammfelljacke Damen als auch die Kategorie Lammfelljacke Herren. Der Fellmann Spot Erhalten Sie einen Einblick in unser Unternehmen und lernen Sie uns kennen. Franzi die Shopping-Queen war bei uns! Das beliebte TV Format Shoppen mit Franz von TVO war bei uns zu Besuch. Ob Franzi etwas bei uns gefunden hat erfahrt Ihr hier... Der-Fellmann Store in Kulmbach Beim Online Shopping findest du es schwierig das passende für dich zu finden ? Du brauchst bei einem Kauf eine professionelle und... Hochwertiges Lammfell - Schaffell und Naturfellprodukte kaufen Wissenswertes: Insbesondere im Winter gibt es nichts schöneres, als sich in warme Decken, Jacken, Schuhe oder Mützen aus Lammfell oder Schaffell zu kuscheln. Lammfelle sind Naturfellprodukte und zeichnen sich durch folgende Eigenschaften aus: atmungsaktiv schmutzabweisend 100 % natürlich (demnach für Allergiker geeignet) eiweißhaltig (wichtig, um Pilze, Bakterien und Milben abzuweisen) gesundheitsfördernd (z. B. Linderung rheumatischer Beschwerden) qualitativ hochwertig Decken aus Lammfell / Schaffell für einen gesunden Schlaf Nach einem anstrengenden Tag freut sich jeder auf ein Bett mit kuscheligen Decken aus Lammfell. Die flauschigen und temperaturausgleichenden Naturfellprodukte unterstützen einen gesunden und erholsamen Schlaf. Dieser ist für Menschen besonders wichtig, da das Gehirn während des Schlafs aufräumt. Das heißt, unsere Erlebnisse werden verarbeitet und Gelerntes wird verfestigt. Zudem werden Zellen repariert und neugebildet. Diese Funktion ist vor allem für Babys und Kinder von großer Bedeutung. Deshalb gibt es auch in unserer Babywelt eine Naturfellprodukte-Auswahl. Decken aus Lammfell unterstützen also Ihre Gesundheit und Ihr Wohlbefinden. Durch den automatischen Temperaturausgleich der Naturfellprodukte frieren oder schwitzen Sie beim Schlafen mit einer Decke aus Lammfell nicht. Viele Ärzte haben die positive Wirkung von Lammfell-Produkten mittlerweile auch erkannt und verschreiben deshalb medizinisches Lammfell als Unterbett bei Rheuma, Schlafstörungen, etc. Da es sich bei Lammfellen um Naturfellprodukte handelt, sind die kuscheligen Decken auch für Allergiker geeignet. Schließlich verhindert der Eiweißgehalt der Naturfellprodukte, dass sich Milben, Pilze oder Bakterien einnisten. Lammfelldecken können sogar Hautkrankheiten (z. B. Dekubital-Geschwüre) vorbeugen. Unsere Decken zeichnen sich durch höchste Qualität, Atmungsaktivität, Strapazierfähigkeit und Pflegeleichtigkeit aus. Weitere Naturfellprodukte mit hohem Tragekomfort Egal ob eine Lammfellweste oder ein Lammfellmantel, diese Produkte sind zeitlos, kuschelig und stylisch. Selbst wenn es draußen stürmt oder schneit, mit einer Jacke aus Lammfell kommen Sie durch jede Jahreszeit und sind dabei auch noch top-modisch gekleidet. Die klassischen Naturfellprodukte kann man Jahrzehnte tragen. Somit sind sie eine sich lohnende Investition. Selbst Stars und Sternchen lieben Jacken aus Lammfell und zeigen sich damit regelmäßig auf dem roten Teppich. Warum? Ganz klar: Diese Jacken sind atmungsaktiv, pflegeleicht, schmutzabweisen und garantieren ein angenehmes Tragegefühl bei kalten und warmen Temperaturen. In unserem Sortiment führen wir sowohl die Kategorie Lammfelljacke Damen als auch die Kategorie Lammfelljacke Herren. Hochwertiges Lammfell und Naturfellprodukte kaufen Insbesondere im Winter gibt es nichts schöneres, als sich in warme Decken, Jacken, Schuhe oder Mützen aus Lammfell zu kuscheln. Lammfelle sind Naturfellprodukte und zeichnen sich durch folgende Eigenschaften aus: • atmungsaktiv • schmutzabweisend • 100 % natürlich (demnach für Allergiker geeignet) • eiweißhaltig (wichtig, um Pilze, Bakterien und Milben abzuweisen) • gesundheitsfördernd (z. B. Linderung rheumatischer Beschwerden) • qualitativ hochwertig Decken aus Lammfell für einen gesunden Schlaf Nach einem anstrengenden Tag freut sich jeder auf ein Bett mit kuscheligen Decken aus Lammfell. Die flauschigen und temperaturausgleichenden Naturfellprodukte unterstützen einen gesunden und erholsamen Schlaf. Dieser ist für Menschen besonders wichtig, da das Gehirn während des Schlafs aufräumt. Das heißt, unsere Erlebnisse werden verarbeitet und Gelerntes wird verfestigt. Zudem werden Zellen repariert und neugebildet. Diese Funktion ist vor allem für Babys und Kinder von großer Bedeutung. Deshalb gibt es auch in unserer Babywelt eine Naturfellprodukte-Auswahl. Decken aus Lammfell unterstützen also Ihre Gesundheit und Ihr Wohlbefinden. Durch den automatischen Temperaturausgleich der Naturfellprodukte frieren oder schwitzen Sie beim Schlafen mit einer Decke aus Lammfell nicht. Viele Ärzte haben die positive Wirkung von Lammfell-Produkten mittlerweile auch erkannt und verschreiben deshalb medizinisches Lammfell als Unterbett bei Rheuma, Schlafstörungen, etc. Da es sich bei Lammfellen um Naturfellprodukte handelt, sind die kuscheligen Decken auch für Allergiker geeignet. Schließlich verhindert der Eiweißgehalt der Naturfellprodukte, dass sich Milben, Pilze oder Bakterien einnisten. Lammfelldecken können sogar Hautkrankheiten (z. B. Dekubital-Geschwüre) vorbeugen. Unsere Decken zeichnen sich durch höchste Qualität, Atmungsaktivität, Strapazierfähigkeit und Pflegeleichtigkeit aus. Weitere Naturfellprodukte mit hohem Tragekomfort Egal ob eine Lammfellweste oder ein Lammfellmantel, diese Produkte sind zeitlos, kuschelig und stylisch. Selbst wenn es draußen stürmt oder schneit, mit einer Jacke aus Lammfell kommen Sie durch jede Jahreszeit und sind dabei auch noch top-modisch gekleidet. Die klassischen Naturfellprodukte kann man Jahrzehnte tragen. Somit sind sie eine sich lohnende Investition. Selbst Stars und Sternchen lieben Jacken aus Lammfell und zeigen sich damit regelmäßig auf dem roten Teppich. Warum? Ganz klar: Diese Jacken sind atmungsaktiv, pflegeleicht, schmutzabweisen und garantieren ein angenehmes Tragegefühl bei kalten und warmen Temperaturen. In unserem Sortiment führen wir sowohl die Kategorie Lammfelljacke Damen als auch die Kategorie Lammfelljacke Herren. Erfahren Sie hier mehr über Schaffell und Lammfell > Bonusartikel Lammfell Hausschuhe - ALASKA P für 780 Punkte Lammfell Hausschuhe - MALIBU P für 700 Punkte Lammfellweste - FIRMINIUS mit Kragen P für 3180 Punkte Lammfell Hausschuhe - EWA P für 780 Punkte Lammfell - BABY GOLD P für 1140 Punkte NIMM 3: ZAHL 2 Lammfell - BASTELFELLE 1,5 kg P für 250 Punkte Lammfelljacke - JESSY P für 6980 Punkte Lammfellkissen - MERINO GESCHOREN P für 900 Punkte Lammfell - SCHWARZ und GRAU TÖNE P für 1140 Punkte Lammfell - GEFLAMMT P für 990 Punkte Lammfell - NATUR FARBEN P für 1140 Punkte Lammfell - SITZKISSEN / STUHLAUFLAGE rund Ø 35 cm P für 400 Punkte Muff - HANDWÄRMER P für 980 Punkte Lammfell Hausschuhe - HUBERT P für 640 Punkte Lammfell Hausschuhe - ALASKA P für 780 Punkte Lammfell Hausschuhe - MALIBU P für 700 Punkte Lammfellweste - FIRMINIUS mit Kragen P für 3180 Punkte Lammfell Hausschuhe - EWA P für 780 Punkte Lammfell - BABY GOLD P für 1140 Punkte Service Hotline Telefonische Unterstützung und Beratung unter:09221 39 14 636Mo. - Fr.: 10:00-18:00 Uhr Service Versandbedingungen Widerrufsrecht Datenschutz AGB Kontakt Informationen Häufig gestellte Fragen Impressum Über uns Besuchen Sie uns in Kulmbach Newsletter Abonnieren Sie den kostenlosen Newsletter und verpassen Sie keine Neuigkeit oder Aktion mehr! Newsletter abonnieren "
38,dertouristik.com," DER Touristik - Home English Home Unternehmen DER Touristik Group Leitbild Management Management Board Central Europe Divisions Central EuropeNorthern EuropeEastern EuropeDMC & Hotels Historie REWE Group Nachhaltigkeit Umwelt Natur und ArtenschutzRessourcenschutz Soziales Engagement DER Bildung ein Zuhause gebenBeschützenDER Nachhaltige Produkte Marken Reiseveranstalter Spezialisten Vertriebsnetz DERDerpartDER Touristik Partner-ServiceDER.com Hotelmarken & Fluglinie Business Travel DER Business TravelDerpart Travel ServiceDER Corporate Solutions Media Pressemeldungen Archiv Pressemeldungen 2015Archiv Pressemeldungen 2016Geheimtipps und Servicetipps Publikationen Pressekontakt Journalistenrabatt Bildarchiv Programmvorstellung Winter 2017/18Sommer 2018 Karriere Wir als Arbeitgeber Familie & BerufVorsorge & VergünstigungenFitness & GesundheitPersonalentwicklung & Karriereverständnis Berufserfahrene ReisevertriebReiseveranstalterKaufmännische BereicheInformationstechnologieEntwicklungsprogrammeAusland Studenten & Absolventen Trainee-ProgrammeDirekteinstiegAbschlussarbeitenPraktikumAusland Schüler AusbildungDuales StudiumSchülerpraktikumBewerbungstipps Stellenbörse Gruppe Nachhaltigkeit Marken Media Karriere < PrevNext >Pause123456 Home PERSPEKTIVWECHSEL UND DIALOG DER Touristik Group im politischen Austausch Der Dialog mit wichtigen Partnern ist beim REWE Group Jahresempfang Programm. Ende November nutzten Vertreter der DER Touristik Group den Termin in Berlin zum Austausch mit rund 300 geladenen Gästen aus Politik, Wirtschaft und Verbänden. Details WAS NACHHALTIGKEIT FÜR UNS BEDEUTET CR-Broschüre gibt Überblick zu Strategie und Projekten Erstmals stellt die DER Touristik Group ihr Nachhaltigkeitsengagement in einer eigenen Publikation vor. Sie erklärt die CR-Strategie und präsentiert erfolgreiche Initiativen und Projekte aus aller Welt. Details Pressemeldungen TourContact finanziert Vorschule in Sri Lanka Urlaub in Madeiras Herrenhäusern DER Touristik: „Früh buchen wichtiger denn je."" ITS und Jahn Reisen: Kostenfreier Reservierungsservice für Online-Kunden Aserbaidschan - Land des Feuers Wir als Arbeitgeber Hier finden Sie unsere offenen Positionen. Stellenbörse 100 Jahre DER Touristik - Das feiern wir! Alles zum Jubiläum Informationen für Reisebüros Expedientenportale Innenansichten Besuchen Sie uns. Virtuell. Innenansicht Touristik der REWE Group Drucken Expedientenportal Gästeservice Standorte Kontakt Sitemap Impressum Datenschutz "
39,deutschesportonline.de," Startseite | Deutsche Sport Online GmbH Deutsche Sport Online GmbH +49 (0) 89 - 7 41 17 440 * Startseite Das Unternehmen E-Commerce Referenzen Kontakt 1234PrevNext Die Firma - Deutsche Sport Online GmbH. Die Deutsche Sport Online GmbH bringt Sportergebnisdaten ins Internet und schafft durch Aggregation, Personalisierung und Vereinheitlichung Mehrwerte für einzelne Sportler. Unsere Portale bieten einfachen und übersichtlichen Zugang zu Millionen von Datensätzen und bereiten hiermit ein reizvolles Umfeld für Sponsoren, die Werbeindustrie und nicht zuletzt für den Bereich E-Commerce. Die DSO zeichnet die möglicherweise seltene Fähigkeit aus, die Interessen der Sportverbände und Sportler in Einklang mit wirtschaftlichen Interessen zu bringen. Das wiederum führt zu einer starken finanziellen Entlastung der Verbände/Vereine und damit zu einer Stärkung und Förderung der jeweiligen Sportart. Mehr über die DSO Unser e-commerce-Shop und Partner-Portale: Unser Weg die jeweiligen Sportler, hier Golfer, bequem mit allem zu versorgen, was sie zur Ausübung ihrer Sportart benötigen - und was sie interessiert. Professioneller eigener E-Commerce-Shop und die Angebote unserer Partner runden den sogenannten Marketplace ab. Betreiber der größten Golf-Community Europas! www.golf.de: Die offene Golf-Informationsplattform Nr. 1, offizielle Webseite des Deutschen Golf Verbandes. www.mygolf.de: Die personalisierte Plattform mit mehr als 330.000 registrierten Golfern. Statistische Aufbereitung persönlicher Daten und der Spielergebnisse aus ganz Deutschland. und der Spielergebnisse von mehr als 90.000 Turnieren und 2,5 Mio. Einzel-spielergebnisse pro Jahr. Die Tischtennis-Plattform Nr. 1 in Deutschland. Individualisierte Angebote an alle 600.000 Tischtennisspieler in Deutschland. Offizielle Plattform der 20 Landesverbände. Darstellung aller Einzelspielergebnisse der offiziellen und bundesweiten Rangliste. Mehr als 100.000 registrierte User, mehr als 30.000 Premiumuser online, nur auf www.mytischtennis.de. Haben wir Ihr Interesse geweckt? Dann kontaktieren Sie uns. Kontaktanfrage © 2017. Alle Rechte vorbehalten. Deutsche Sport Online GmbH Bayerstraße 16a 80335 München Tel.: +49 (0) 89 - 7 41 17 440 E-Mail: info@deutschesportonline.de Golf.de Shop Tel.: +49 (0) 89 - 7 41 17 440 * * zum Ortstarif, Mobilfunkhöchstpreis: 0,42 Euro/Min(inkl. USt.) E-Mail: info@shop.golf.de Über uns Startseite Das Unternehmen Referenzen Kontakt Impressum Produkte E-Commerce "
40,drmayer-immobilien.de,"Immobilien Teneriffa kaufen, - Tenerife Fincas - privat Immobilien auf Teneriffa privat kaufen Ctra. Vieja a la Vega 16 38430 Icod de los Vinos Tenerife/Spanien Deutscher Immobilienmakler : Telefon (Mo-Fr.): +34 922 81 29 07 FAX: +34 922 122 407 E-Mail: office@drmayer-immobilien.de Fincas Teneriffa Nord & Süd Immobilien bis 500.000 Nord & Süd Immobilien ab 500.000 Nord & Süd Villen auf Teneriffa Nord & Süd Eigentumswohnungen Nord & -Süd Zahlreiche Strände auf allen Seiten der Insel laden zum Sonnen und Planschen ein. Die natürlichen Strände sind typischerweise pechschwarze Lavastrände, aber man findet auch andere Sandfarben an diversen künstlich angelegten Stränden. Praktisch überall auf der Insel kann man sich sehr guter Wasserqualität erfreuen. Die Strände im Südwesten der Insel sind zumeist windstill, während man im Südosten der Insel das ganze Jahr über Wind und Wellen hat. Liegt man an den Stränden im Norden der Insel, so kann man ungetrübten Blick auf das Meer genießen, da man ja die Sonne im Rücken hat. Viel Spaß bei einer Strandtour durch Teneriffa; Sie finden Eine Insel die sich für den Daueraufenthalt und das Leben auf dieser kanarichen Insel bestens eignet. Dr. Mayer Immobilien auf Teneriffa, private Fincas, Luxusimmobilien, Häuser, Investmentobjekte, im Norden oder Süden der Insel kaufen, Tel: 0034 922 812907 Deutscher Immobilienmakler und Gutachter auf Teneriffa. Orte und Stätte auf Teneriffa in alphabetischer Reihenfolge Adeje, Arico, Arona, Bahia Azul, Bajamar, Bonavista, Callao Salvaje, El Médano, El Sauzal, El Tacque, Garachico, Genoves, Guía de Isora, Güimar, Icod de los Vinos, La Esperanza, La Matanza, La Orotava, Las Palomas, Los Cristianos, Los Realejos, Los Silos, Playa de las Américas, Puerto Santiago, Punta del Hidalgo, San Eugenio Alto, San Isidro, San Juan de la Rambla, Santa Úrsula, Tejina de Guia, Villa de Arico, La Laguna, Santa Cruz, Puerto de la Cruz, Granadia, Die bekannstesten 30 Strände auf Teneriffa 1. im Norden: Playa El Bollullo, Playa El Socorro, Playa Martiánez, Playa de Mesa del Mar, Playa Jardín, Playa San Marcos, Fkk Strände: Playa de los Patos, Playa las Gaviotas, Playa la Caleta 2. im Süden: Playa Torviscas, Playa Fañabé, Playa Troya, Playa Los Cristianos, Playa El Camisón, Playa El Duque, Playa El Médano, Playa La Tejita, Playa La Arena, Playa La Caleta, Playa La Pinta, Playa Las Teresitas, Playa Las Vistas, Playa de Alcalá, Playa de Candelaria, Playa El Cabezo, Playa de Las Galletas, Playa de Las Gaviotas, Playa La Enramada, Playa de Montaña Amarilla, Playas de El Roque, Almáciga y Benijos Teneriffa Landhaus mit Ackerland VB: 740.000.- Euro zur Objektbeschreibung …. Villenfinca- Teneriffa mit Gästewohnungen. VB: 1,2 Mio Euro zur Objektbeschreibung …. Kleine Ökofinca, Teneriffa, VB: 320.000,- Euro zur Objektbeschreibung …. Teneriffa Bungalow mit Meerblick VB: 295.000,- Euro Weitere -Details: ….. Luxuriöses Teneriffa Anwesen in Santa Ursula über 1 Mio-Preis auf Anfrage.- Weitere Details: ….. Luxusvilla Teneriffa am Atlantic VB: 3.800.000.- Euro Weitere Details: ….. Luxusvilla Teneriffa La Matanza Sonderpreis: 650.000,- Euro zur Objektbeschreibung ….. Agrar-Finca Teneriffa Valle Guerra VB: 6,5 mio,- Euro zur Objektbeschreibung ….. Luxusvilla Teneriffa Marcos Bucht VB: 969.000.- Euro zur Objektbeschreibung ….. Vermietungs-Anlagen Grundstücke & Finca-Ruinen Luxus-Angebote Gastroobjekte & Pension Hotelgewerbe Investoren Dr. Mayer Maklerbüro e Immobilienmakler im Norden von Teneriffa E - 38430 Icod de los Vinos, Ctra. Vieja a la Vega 16 DR. MAYER & PARTNER Erbschaftsabwicklungen Gutachtenpreisliste Tel: von 9.00 Uhr bis 14.00 Tel: (0049) 0202 9783311, Tel: 0034 922 81 29 07, Notdienst: 0034 609 038945 E-mail: - deutsches Maklerbüro Ruhig gelegene, luxuriöse, extravagante und komfortable Design-Villen in allen Preislagen der Insel zu kaufen oder zu verkaufen. Anlage-Objekte und Gastroimmobilen sowohl am Meer als auch in den landwirtschaftlichen Wald oder Wanderzonen oder in den Wohn-oder Industriegebieten. < Ferienunterkünfte Wert- Gutachten Ein Energiepass ist inzwischen für alle Wohnhäuser vorgeschrieben, Energiepausweis in Spanien, Der Südflughafen, Las Americas und Adeje sind über die neue Nordautobahn von Icod de los Vinos in ca. 25 Minuten erreichbar. Yachthafen in Garachico Der schönste Golfplatz an der Meeresküste von Buenavista Urlaubsobjekte Ferienfinca Eingabefenster für Objekt-Anfragen wenn Ihre E-Mail defekt ist und nicht funktioniert: Hotels und Gastroimmobilien ein Fantasy-Roman für die ruhigen Stunden Erbschaftssteuern für Grundbesitz TopMehrfamilienhaus Wuppertal mit Gaststätte, Maisonette und 2 Mietwohnungen CASA-HO MFH-HO investor-darlehn-zwischenfinanzierung/privater-geldgeber.html ETW-HO "
41,druckerking.com," druckerking.com Sehr gut4.83/5.00Zertifiziert seit 27.12.2013×Zertifizierter Shop Um druckerking.com in vollem Umfang nutzen zu können, empfehlen wir Ihnen Javascript in Ihrem Browser zu aktiveren. druckerking.com Versand nur 2,90€ (ab 99€ kostenfrei) innerhalb Deutschlands +49 (0) 800 - 600 70 77 Montag bis Freitag: 08 - 16 Uhr BesteQualität SchnelleLieferung Mein Konto Merkzettel Service/Hilfe Warenkorb Warenkorb 0 Artikel: 0,00 €* Positionen anzeigen Menu Home Druckermarke Druckermarke Brother Canon Dell Epson HP Kodak Konica Minolta Lexmark OKI Samsung alle Hersteller Schnellsuche: Druckerpatronen und Toner Finden Sie die passende Tinte und Toner für Ihren Drucker anhand der folgenden Möglichkeiten: 1Hersteller auswählen Bitte wählen Brother Canon Dell Epson HP Kodak Konica Minolta Lexmark OKI Samsung Xerox Accufast Acer Acom Adler-Royal Advent Agfa Alcatel Alps AMS Anzac Apple Ascom AstroJet AT & T Atos Avaya Belgacom Bixolon Bosch British Telecom Bryce Bull C.Itoh Calcomp Casio Citizen Commodore Compaq Compuprint Computer Machinery Corp Comtex Copystar Copytrax Costar COT Cycomm Danka Data Devices Data General Datamega Dataproducts Datasec Corporation Datatech Decision Data Decision Systems Deko Dena Detewe Develop DEX BUS Systems Digital Check Digital Equipment Corp EFI EGT Encad Escom Eurequat Eurofax Facit Fischer Founder Fuji Fuji Xerox Fujitsu GCC Gestetner Globalis Grundig GSD Systems Hasler Hitachi IBM Imagistics Imation Imedia Infoprint Solutions Company Infotec Intec Integrex Interface Invest Italtel Itec Jetfax Kleindienst Kyocera Lanier Lasermaster LEE Data Lenovo LSK Magnetec MB Memorex Mfax Microboards Microplex Miltope Mitsozo Monroe Muirhead Muratec Mutoh Nashuatec NCR NEC Newgen Systems Nipson Northern Telecom Novo NRG OCE Octave Odixion Ohdner Olivetti Olympia Olympus Olytalia Omnifax OTC Output Solutions Oyster Panasonic Panini PFB Philips Pitney Bowes Pixa Primera Printapen PSI PTT Regma Rena Rex Rotary Ricoh Riso Roland Sagem Savin Schneider Secap Seiko Precision Seikosha Selex Sharp Sigma Signal Corp Sindoricoh Source Technologies Star Micronics Stielow Swisscom Tally Genicom Tandem Technifax Teco Telecom Italia Telekom Telenorma Tenovis Texas Instruments Tidemark Toshiba Totale Triumph-Adler Troy Unisys Utax Verity Systems Victor WDV Welco Wenger Westrex Wincor-Nixdorf Xante Xylostome Bitte wählen 2Modell auswählen Kein Hersteller ausgewählt Kein Hersteller ausgewählt HerstellerSlide leftSlide right array(5) { [""id""]=> int(4) [""name""]=> string(7) ""Brother"" [""image""]=> string(35) ""media/image/001_20140131_154431.jpg"" [""link""]=> string(53) ""http://www.druckerking.com/supplier/index/sSupplier/4"" [""description""]=> string(0) """" } array(5) { [""id""]=> int(5) [""name""]=> string(5) ""Canon"" [""image""]=> string(35) ""media/image/002_20140131_154504.jpg"" [""link""]=> string(53) ""http://www.druckerking.com/supplier/index/sSupplier/5"" [""description""]=> NULL } array(5) { [""id""]=> int(12) [""name""]=> string(4) ""Dell"" [""image""]=> string(35) ""media/image/003_20140131_154625.jpg"" [""link""]=> string(54) ""http://www.druckerking.com/supplier/index/sSupplier/12"" [""description""]=> NULL } array(5) { [""id""]=> int(3) [""name""]=> string(10) ""Eigenmarke"" [""image""]=> string(37) ""media/image/20_dk_20140203_095835.jpg"" [""link""]=> string(53) ""http://www.druckerking.com/supplier/index/sSupplier/3"" [""description""]=> string(0) """" } array(5) { [""id""]=> int(78) [""name""]=> string(5) ""Epson"" [""image""]=> string(35) ""media/image/004_20140131_154648.jpg"" [""link""]=> string(54) ""http://www.druckerking.com/supplier/index/sSupplier/78"" [""description""]=> string(0) """" } array(5) { [""id""]=> int(6) [""name""]=> string(2) ""HP"" [""image""]=> string(35) ""media/image/005_20140131_154712.jpg"" [""link""]=> string(53) ""http://www.druckerking.com/supplier/index/sSupplier/6"" [""description""]=> NULL } array(5) { [""id""]=> int(7) [""name""]=> string(5) ""Kodak"" [""image""]=> string(35) ""media/image/006_20140131_154733.jpg"" [""link""]=> string(53) ""http://www.druckerking.com/supplier/index/sSupplier/7"" [""description""]=> NULL } array(5) { [""id""]=> int(8) [""name""]=> string(14) ""Konica Minolta"" [""image""]=> string(35) ""media/image/007_20140131_154756.jpg"" [""link""]=> string(53) ""http://www.druckerking.com/supplier/index/sSupplier/8"" [""description""]=> NULL } array(5) { [""id""]=> int(9) [""name""]=> string(12) ""Kyocera/Mita"" [""image""]=> string(35) ""media/image/008_20140131_154823.jpg"" [""link""]=> string(53) ""http://www.druckerking.com/supplier/index/sSupplier/9"" [""description""]=> NULL } array(5) { [""id""]=> int(10) [""name""]=> string(7) ""Lexmark"" [""image""]=> string(35) ""media/image/009_20140131_154851.jpg"" [""link""]=> string(54) ""http://www.druckerking.com/supplier/index/sSupplier/10"" [""description""]=> NULL } array(5) { [""id""]=> int(14) [""name""]=> string(7) ""Samsung"" [""image""]=> string(35) ""media/image/011_20140131_154934.jpg"" [""link""]=> string(54) ""http://www.druckerking.com/supplier/index/sSupplier/14"" [""description""]=> NULL } array(5) { [""id""]=> int(15) [""name""]=> string(5) ""Xerox"" [""image""]=> string(35) ""media/image/012_20140131_154953.jpg"" [""link""]=> string(54) ""http://www.druckerking.com/supplier/index/sSupplier/15"" [""description""]=> NULL } Wir versenden mit DHL Packstation DHL Express DHL GoGreen Drucker King Lieferung und Versandkosten Kontakt Zahlungsarten AGB Wissenswertes Service Musterformular Widerruf Newsletter Widerrufsrecht Datenschutz Impressum Fans Werden Sie unser Fan auf Facebook Folgen Sie uns auf Twitter Trete unserem Kreis bei Das sagen unsere Kunden Unsere Partner Druckerking ist gelistet bei: * Alle Preise inkl. gesetzl. Mehrwertsteuer zzgl. Versandkosten und ggf. Nachnahmegebüren, wenn nicht anders beschrieben Copyright © 2013 - Alle Rechte vorbehalten Hinweis: Alle genannten Markennamen und Bezeichnungen sind eingetragene Warenzeichen ihrer Eigentümer.Die aufgeführten Markennamen und Warenzeichen auf unseren Internetseiten dienen ausschließlich zur Beschreibung unserer Produkte. realisiert von: bestit Lieferung und Versandkosten Musterformular Widerruf Newsletter Kontakt Zahlungsarten Widerrufsrecht Datenschutz AGB Impressum Zertifikat prüfenKäuferschutzbedingungenAlle Bewertungen Impressum Datenschutz+Maximieren×SchließenSehr gut4.83/5.00Zertifizierter ShopZertifikat prüfenKäuferschutzbedingungenAlle Bewertungen Impressum Datenschutz–Minimierendruckerking.com×KäuferschutzSie können sich nach dem Einkauf für die kostenlose Trusted Shops Mitgliedschaft Basic anmelden, inkl. Käuferschutz bis je 100 € für den aktuellen Einkauf sowie für Ihre weiteren Einkäufe in deutschen Shops mit dem Trusted Shops Gütesiegel.Mit Trusted Shops PLUS (inkl. Garantie) werden Ihre Einkäufe sogar bis je 20.000 € durch den Käuferschutz (inkl. Garantie) abgesichert, für 9,90 € pro Jahr inkl. MwSt. bei einer Mindestvertragslaufzeit von 1 Jahr. Die Absicherungsdauer des Käuferschutzes pro Einkauf beträgt in beiden Fällen 30 Tage.Es gelten die Mitgliedschafts- und Käuferschutzbedingungen.Zertifiziertseit 27.12.2013Käuferschutzbis zu 20.000 €×KundenbewertungenDie Note „Sehr gut“ berechnet sich aus den 89 Trusted Shops Bewertungen der letzten 12 Monate, die im Bewertungsprofil eingesehen werden können.304KundenbewertungenSehr gut4.83/5.00Kerstin S12.10.2017Alles top - gerne wieder08.10.2017Alles ok, bin sehr zufrieden. DankeKarl-Heinz K08.03.2017alles ok "
42,dsmoker.net," DSmoker - Ihr E-Zigaretten Fachhandel JavaScript ist in Ihrem Browser deaktiviert. Aktivieren Sie JavaScript, um alle Funktionen des Shops nutzen und alle Inhalte sehen zu können. Kundenlogin Kundengruppe: Gast Merkzettel Warenkorb Ihr Warenkorb keine Produkte Unsere Liquids Store Öffnungszeiten Anfahrt Apps Rückruf-Service Facebook Suchen Go Kategorien E-Zigaretten SetsLiquidsBasen & AromenAkkus / AkkuträgerVerdampfer / ClearomizerHigh End / DIYZubehör Angebote Dinner Lady - Strawberry Custard 3x 10ml UVP 19,90 EUR Nur 14,95 EUR inkl. 19% MwSt. zzgl. Versand 49,83 EUR pro 100 ml Neue Artikel Dinner Lady - Black Orange Crush UVP 24,95 EUR Nur 19,95 EUR inkl. 19% MwSt. zzgl. Versand 33,25 EUR pro 100 ml Informationen Sitemap Zahlungsarten Sicher zahlen mit PayPal Sicher, schnell, ohne zusätzliches Konto und ohne Registrierung. Startseite JUGENDSCHUTZGESETZ Wichtige Informationen zum neuen JUGENDSCHUTZGESETZ Kein Verkauf an Personen unter 18 Jahren! Ab 01.04.2016 tritt in Deutschland für eZigaretten und Zubehör das Jugendschutzgesetz in Kraft. Dieses erfordert eine zweistufige Prüfung. Wir haben uns für die Schufa-Verifikation entschieden. Jeder Kunde der eine Bestellung durchführen möchte muss ein Kundenkonto besitzen oder anlegen. Jeder Kunde einmal abgefragt (Name, Adresse und Geburtsdatum) und dadurch validiert. Daher bieten wir ab sofort keine Gast-Bestellungen mehr an. Abgefragt wird NUR das Alter, es wird keine Bonität abgefragt und wir bekommen auch, bis auf die Altersverifikation, keinerlei Informationen unserer Kunden von der Schufa übermittelt. DHL führt bei Abgabe der Ware eine Alterssichtprüfung durch, damit die Bestellungen nicht in die Hände Minderjähriger gelangt. Daher ist eine Auslieferung an eine Packstation leider nicht mehr möglich. Was ändert sich dadurch für unsere Kunden? 1. Jeder Kunde muss einmalig verifiziert werden. 2. Die Bestellungen werden nur noch an Volljährige ausgehändigt. Sollte tagsüber kein volljähriges Familienmitglied zu Hause anzutreffen sein, haben sie natürlich auch die Möglichkeit 7 Tage lang Ihr Paket beim Postamt persönlich gegen Vorlage des Personalausweises abzuholen. 3. Wir tragen die Kosten der Schufa Altersprüfung und DHL Sichtprüfung. Alterssichtprüfung Mit dem Service Alterssichtprüfung sorgen wir dafür, dass Ihre Ware nur an Personen im Haushalt des Empfängers übergeben wird, die das vorgegebene Mindestalter erreicht haben. So halten wir die Altersprüfung bewusst unkompliziert, denn grundsätzlich alle Personen im Haushalt des Empfängers sind empfangsberechtigt und auf eine Ausweisprüfung kann verzichtet werden, wenn das Alter eindeutig ersichtlich über der Mindestaltersgrenze liegt. EmpfehlungenAngebote Neue Artikel Unsere Empfehlungen Vampire Vape Pinkman Liquid 10ml 4,99 EUR inkl. 19% MwSt. zzgl. Versand 49,90 EUR pro 100 ml Jac Vapour Serie-B DNA 75 99,00 EUR inkl. 19% MwSt. zzgl. Versand Beard Vape Co. - 100ml The One 29,95 EUR inkl. 19% MwSt. zzgl. Versand 299,50 EUR pro 1000 ml Cubis Pro 20,90 EUR inkl. 19% MwSt. zzgl. Versand Eleaf Aster 75W TC Mod 39,95 EUR inkl. 19% MwSt. zzgl. Versand OBS Engine RTA 32,95 EUR inkl. 19% MwSt. zzgl. Versand Cotton Bacon V2 5,90 EUR inkl. 19% MwSt. zzgl. Versand 0,59 EUR pro 1g Chubby Gorilla 100ML PET Unicorn Bottle 2,49 EUR inkl. 19% MwSt. zzgl. Versand TREIBSTOFF by Haudegen - 100ml... ab 24,95 EUR inkl. 19% MwSt. zzgl. Versand 249,50 EUR pro 1000 ml Fiber Freaks Original Yarn 3,10 EUR inkl. 19% MwSt. zzgl. Versand WOTOFO The Troll RDA V2 29,95 EUR inkl. 19% MwSt. zzgl. Versand Nebelfee Drip Tip Special Edition 2 ab 14,90 EUR inkl. 19% MwSt. zzgl. Versand Corona V8 Tankerweiterung 49,90 EUR inkl. 19% MwSt. zzgl. Versand Sony Konion VTC5 18650 - 2600 mAh 30A 8,95 EUR inkl. 19% MwSt. zzgl. Versand Unimax BF Adapter 2,95 EUR inkl. 19% MwSt. zzgl. Versand Dampfer Tasche 12,95 EUR inkl. 19% MwSt. zzgl. Versand Vapor Giant v5 S 99,95 EUR inkl. 19% MwSt. zzgl. Versand Chubby Gorilla 200ML PET Unicorn Bottle 3,20 EUR inkl. 19% MwSt. zzgl. Versand Samsung INR18650-30Q - 3000mAh /15A 8,90 EUR inkl. 19% MwSt. zzgl. Versand Eleaf Melo 2 Clearomizer 24,95 EUR inkl. 19% MwSt. zzgl. Versand eGo AIO e-Zigarette 22,95 EUR inkl. 19% MwSt. zzgl. Versand Drip Tip Vapor Giant Delrin Weiß ab 11,00 EUR inkl. 19% MwSt. zzgl. Versand T-Juice Red Astaire Aroma ab 5,50 EUR inkl. 19% MwSt. zzgl. Versand Vampire Vape Heisenberg Liquid 10ml 4,99 EUR inkl. 19% MwSt. zzgl. Versand 49,90 EUR pro 100 ml Eleaf iStick Pico 75Watt 34,95 EUR inkl. 19% MwSt. zzgl. Versand Drip Tip Vapor Giant Delrin Schwarz ab 11,00 EUR inkl. 19% MwSt. zzgl. Versand Corona V8 135,00 EUR inkl. 19% MwSt. zzgl. Versand Pipeline Mesmerize Clearomizer 33,90 EUR inkl. 19% MwSt. zzgl. Versand Sony Konion VTC5A 18650 - 2500 mAh 35A 9,40 EUR inkl. 19% MwSt. zzgl. Versand Chubby Gorilla 60ML PET Unicorn Bottle 2,20 EUR inkl. 19% MwSt. zzgl. Versand Nebelfee BT Drip Tip ab 16,90 EUR inkl. 19% MwSt. zzgl. Versand Nebelfee Drip Tip Special Edition ab 14,90 EUR inkl. 19% MwSt. zzgl. Versand Steamax P.228 59,95 EUR inkl. 19% MwSt. zzgl. Versand asMODus Minikin V2 180W Touch Screen ab 99,95 EUR inkl. 19% MwSt. zzgl. Versand Taifun BT 139,00 EUR inkl. 19% MwSt. zzgl. Versand InnoCigs Cuboid 200W + 3x Sony Konion... UVP 88,15 EUR Nur 59,90 EUR inkl. 19% MwSt. zzgl. Versand EnerCig LiIon Akku Reparaturset 18650 2,95 EUR inkl. 19% MwSt. zzgl. Versand SC Pico Dual 200W Akkuträger UVP 49,95 EUR Nur 29,95 EUR inkl. 19% MwSt. zzgl. Versand SC Melo RT 25 Clearomizer Set 29,95 EUR inkl. 19% MwSt. zzgl. Versand Steamax Reuleaux RX300 Carbon Box Mod 94,95 EUR inkl. 19% MwSt. zzgl. Versand Steamax Reuleaux RX300 Box Mod 74,95 EUR inkl. 19% MwSt. zzgl. Versand Steamax Reuleaux RX Mini Resin 80 Watt UVP 64,95 EUR Nur 59,95 EUR inkl. 19% MwSt. zzgl. Versand SC Melo 300 Clearomizer Set 6,5 ml 34,95 EUR inkl. 19% MwSt. zzgl. Versand eVic Primo 2.0 228W 59,95 EUR inkl. 19% MwSt. zzgl. Versand SC Melo 300 Clearomizer Set 3,5 ml UVP 29,95 EUR Nur 24,95 EUR inkl. 19% MwSt. zzgl. Versand Steamax TFV12 Cearomizer Set 44,95 EUR inkl. 19% MwSt. zzgl. Versand YiHi SX Mini G-Class 239,00 EUR inkl. 19% MwSt. zzgl. Versand SQuape E[motion] 4.5 ml 164,95 EUR inkl. 19% MwSt. zzgl. Versand Xtar VC4 4-Schacht USB-Ladegerät 29,90 EUR inkl. 19% MwSt. zzgl. Versand SC iStick Pico 75Watt Resin UVP 64,95 EUR Nur 49,95 EUR inkl. 19% MwSt. zzgl. Versand TFV Drip Tip Resin 4,95 EUR inkl. 19% MwSt. zzgl. Versand Nasty Juice ASAP Grape 50ml 21,90 EUR inkl. 19% MwSt. zzgl. Versand 43,80 EUR pro 100 ml Nasty Juice Bad Blood 50ml 21,90 EUR inkl. 19% MwSt. zzgl. Versand 43,80 EUR pro 100 ml Nasty Juice Wicked Haze 50ml 21,90 EUR inkl. 19% MwSt. zzgl. Versand 43,80 EUR pro 100 ml SC iKonn Total E-Zigaretten Set 44,95 EUR inkl. 19% MwSt. zzgl. Versand SC Ello Mini XL Clearomizer Set 19,95 EUR inkl. 19% MwSt. zzgl. Versand Sony Konion VTC6 18650 - 3120mAh 30A 9,95 EUR inkl. 19% MwSt. zzgl. Versand SC iStick Pico 25 85Watt 39,95 EUR inkl. 19% MwSt. zzgl. Versand TREIBSTOFF by Haudegen - 100ml... ab 24,95 EUR inkl. 19% MwSt. zzgl. Versand 249,50 EUR pro 1000 ml TREIBSTOFF by Haudegen - 100ml... ab 24,95 EUR inkl. 19% MwSt. zzgl. Versand 249,50 EUR pro 1000 ml TREIBSTOFF by Haudegen - 100ml... ab 24,95 EUR inkl. 19% MwSt. zzgl. Versand 249,50 EUR pro 1000 ml Innocigs Presence E-Zigarette 34,95 EUR inkl. 19% MwSt. zzgl. Versand CoilBox Pro 21,95 EUR inkl. 19% MwSt. zzgl. Versand Angebote Unimax 25 Clearomizer Set UVP 27,95 EUR Nur 19,95 EUR inkl. 19% MwSt. zzgl. Versand Dinner Lady - Cornflake Tart 3x 10ml UVP 19,90 EUR Nur 14,90 EUR inkl. 19% MwSt. zzgl. Versand 49,67 EUR pro 100 ml SC Melo 300 Clearomizer Set 3,5 ml UVP 29,95 EUR Nur 24,95 EUR inkl. 19% MwSt. zzgl. Versand Cubis 19 UVP 19,94 EUR Nur 9,95 EUR inkl. 19% MwSt. zzgl. Versand Dinner Lady - Strawberry Custard 3x... UVP 19,90 EUR Nur 14,95 EUR inkl. 19% MwSt. zzgl. Versand 49,83 EUR pro 100 ml SC Aster RT 100W UVP 49,95 EUR Nur 29,95 EUR inkl. 19% MwSt. zzgl. Versand SC Pico Dual 200W Akkuträger UVP 49,95 EUR Nur 29,95 EUR inkl. 19% MwSt. zzgl. Versand SC iStick Pico 75Watt Resin UVP 64,95 EUR Nur 49,95 EUR inkl. 19% MwSt. zzgl. Versand Twelve Monkeys Liquid Kanzi 30ml UVP 19,95 EUR Nur 16,95 EUR inkl. 19% MwSt. zzgl. Versand Dinner Lady - Flip Flop Lychee UVP 24,95 EUR Nur 19,95 EUR inkl. 19% MwSt. zzgl. Versand 33,25 EUR pro 100 ml Dinner Lady - Cola Shades UVP 24,95 EUR Nur 19,95 EUR inkl. 19% MwSt. zzgl. Versand 33,25 EUR pro 100 ml InnoCigs Cuboid 200W + 3x Sony Konion... UVP 88,15 EUR Nur 59,90 EUR inkl. 19% MwSt. zzgl. Versand Dinner Lady - Sun Tan Mango UVP 24,95 EUR Nur 19,95 EUR inkl. 19% MwSt. zzgl. Versand 33,25 EUR pro 100 ml Dinner Lady - Rice Pudding 3x 10ml UVP 19,90 EUR Nur 14,90 EUR inkl. 19% MwSt. zzgl. Versand 49,67 EUR pro 100 ml Steamax Reuleaux RX Mini Resin 80 Watt UVP 64,95 EUR Nur 59,95 EUR inkl. 19% MwSt. zzgl. Versand Dinner Lady - Black Orange Crush UVP 24,95 EUR Nur 19,95 EUR inkl. 19% MwSt. zzgl. Versand 33,25 EUR pro 100 ml Dinner Lady - Lemon Tart 3x 10ml UVP 19,90 EUR Nur 14,90 EUR inkl. 19% MwSt. zzgl. Versand 49,67 EUR pro 100 ml Neue Artikel Roofy´s Bitchy Lychee Liquid 10ml 5,90 EUR inkl. 19% MwSt. zzgl. Versand 59,00 EUR pro 100 ml Roofy´s Aroma Bitchy Lychee 10ml 6,50 EUR inkl. 19% MwSt. zzgl. Versand 65,00 EUR pro 100 ml SLUSHY QUEEN BY PJ EMPIRE - Bangkok... 7,90 EUR inkl. 19% MwSt. zzgl. Versand 65,83 EUR pro 100 ml SC iKonn Total E-Zigaretten Set 44,95 EUR inkl. 19% MwSt. zzgl. Versand TREIBSTOFF by Haudegen - 100ml... ab 24,95 EUR inkl. 19% MwSt. zzgl. Versand 249,50 EUR pro 1000 ml Sony Konion VTC6 18650 - 3120mAh 30A 9,95 EUR inkl. 19% MwSt. zzgl. Versand Nasty Juice Wicked Haze 50ml 21,90 EUR inkl. 19% MwSt. zzgl. Versand 43,80 EUR pro 100 ml SC iStick Pico 25 85Watt 39,95 EUR inkl. 19% MwSt. zzgl. Versand Nasty Juice ASAP Grape 50ml 21,90 EUR inkl. 19% MwSt. zzgl. Versand 43,80 EUR pro 100 ml UltraBio Basis VPG 50/50 100ml 2,95 EUR inkl. 19% MwSt. zzgl. Versand 29,50 EUR pro 1000 ml UltraBio Basis VPG 50/50 250ml 5,95 EUR inkl. 19% MwSt. zzgl. Versand 23,80 EUR pro 1000 ml TREIBSTOFF by Haudegen - 100ml... ab 24,95 EUR inkl. 19% MwSt. zzgl. Versand 249,50 EUR pro 1000 ml TREIBSTOFF by Haudegen - 100ml... ab 24,95 EUR inkl. 19% MwSt. zzgl. Versand 249,50 EUR pro 1000 ml SC Ello Mini XL Clearomizer Set 19,95 EUR inkl. 19% MwSt. zzgl. Versand Nasty Juice Bad Blood 50ml 21,90 EUR inkl. 19% MwSt. zzgl. Versand 43,80 EUR pro 100 ml Roofy´s Fruit Boob´s Liquid 10ml 5,90 EUR inkl. 19% MwSt. zzgl. Versand 59,00 EUR pro 100 ml TREIBSTOFF by Haudegen - 100ml... ab 24,95 EUR inkl. 19% MwSt. zzgl. Versand 249,50 EUR pro 1000 ml UltraBio Basis VPG 50/50 1000ml 13,95 EUR inkl. 19% MwSt. zzgl. Versand 55,80 EUR pro 1000 ml Roofy´s Aroma Fruit Boob´s 10ml 6,50 EUR inkl. 19% MwSt. zzgl. Versand 65,00 EUR pro 100 ml 5x SC HW Ello Coils 12,95 EUR inkl. 19% MwSt. zzgl. Versand Kundengruppe Kundengruppe: Gast Kundenbewertungen Kundenlogin! E-Mail-Adresse Passwort Anmelden Konto erstellen Passwort vergessen? Hersteller Bitte wählenCoil MasterDicodesDinner LadyEfestEleafHigh-Class-Liqu..JoyetechKANGERNiko VaporPIPELINESamsungSmokerstoreSmoktechSteampipesUDVisionWismecXtar Online Schlichtung Mitglied im VdeH Seite speichern bei Über uns Impressum Kontakt Versand- & Zahlungsbedingungen Produktübersicht Informationen Widerrufsrecht & Widerrufsformular AGB Datenschutz OS-Plattform/Streitbeilegungsverfahren Information zur Batterieentsorgung Rückruf-Service Folgen Sie uns Facebook Google+ Twitter Newsletter-Anmeldung E-Mail Anmelden Alle Preise sind ... zzgl. Versandkosten Copyright © 2013 by DSmoker Sie haben noch keine Artikel in Ihrem Warenkorb. E-Mail Passwort Anmelden Konto erstellen Passwort vergessen? "
43,dxracer-germany.de," DXRacer®-Der offizielle online-shop in Deutschland JavaScript ist in Ihrem Browser deaktiviert. Aktivieren Sie JavaScript, um alle Funktionen des Shops nutzen und alle Inhalte sehen zu können. Kundenlogin Merkzettel Formula Serie OH/FD01 OH/FD101 OH/FD99 OH/FE08 OH/FE11 OH/FL00 OH/FL08 OH/FL11 OH/FL57 OH/FE57 OH/FD57 OH/FH11 Racing Serie OH/RB1 OH/RE0 OH/RH110 OH/RJ001 OH/RJ118 OH/RT110 OH/RV118 OH/RV131 OH/RW01 OH/RZ0 King Serie OH/KS57 OH/KS06 OH/KS11 Sentinel Serie OH/SJ00 OH/SJ11 OH/SJ28 Tank Serie OH/TS29 OH/TS30 Drifting Serie OH/DE03 OH/DF166 OH/DH166 OH/DH73 OH/DJ133 OH/DJ188 OH/DE02 OH/DM132 Iron Serie OH/IS03 OH/IS11 OH/IS132 OH/IS133 OH/IS188 Classic Serie OH/CE120 OH/CE120-FT Boss Serie OH/BF120 Work Serie OH/WY0 OH/WZ0 OH/WZ03 Special Editions Gamer Schreibtisch Ihr Warenkorb keine Produkte Go Home Produkte Zubehör Sale% Welcher Stuhl ist der richtige? Kategorien ProdukteZubehörSale% Kundenlogin! E-Mail-Adresse Passwort Anmelden Konto erstellen Passwort vergessen? Bestseller 01. DXRacer Gaming Stuhl, OH/FD01/NR, F-Serie, schwarz-rot 259,00 EUR 02. DXRacer Gaming Stuhl, OH/KS06/N, K-Serie, schwarz 419,00 EUR 03. DXRacer Gaming Stuhl, OH/RV131/NW, R-Serie, schwarz-weiß 359,00 EUR 04. DXRacer Gaming Stuhl, OH/RV131/NO, R-Serie, schwarz-orange 359,00 EUR 05. DXRacer Gaming Stuhl, OH/FE08/NR, F-Serie, schwarz-rot 279,00 EUR Kundenrezensionen Mousesports. Mousesports. Mousesports. Mousesports.... Gratisversand in Deutschland Startseite Liebe Kunden, wir wünschen ein schönes Weihnachtsfest und einen guten Rutsch in ein erfolgreiches gutes neues Jahr!Der nächste Versand erfolgt ab dem 9. Januar 2018. Wir danken für Ihr Verständnis. Newsletter Anmeldung Anmelden Sie können jederzeit Ihre Einwilligung zur Newsletterzusendung widerrufen Informationen Widerrufsrecht & Widerrufsformular Versand- & Zahlungsbedingungen AGB Datenschutz Newsletter Sitemap Kontaktdaten Impressum Kontaktformular Callback Service DXRacer über DXRacer Technologie FAQs Welcher Stuhl ist der Richtige? Sponsoring Ersatzteilanfragen Zertifikate Blog Zahlungsmethoden Internetshop by Gambio.de Sie haben noch keine Artikel in Ihrem Warenkorb. E-Mail Passwort Anmelden Konto erstellen Passwort vergessen? "
44,ebrosia.de," Wein-Shop - günstig & schnell online Wein kaufen | ebrosia Um ebrosia in vollem Umfang nutzen zu können, empfehlen wir Ihnen Javascript in Ihrem Browser zu aktiveren. 17 Jahre Sommelier-Qualität und Vertrauen Schnelle Lieferung - direkt ins Haus Bestelltelefon: +49 34202 30900 (Mo-Fr 8-19 Uhr, Sa 8-16 Uhr) Newsletter Service/Hilfe Händler-Login Kontakt Unternehmen Service Sicherheit / Datenschutz vinival 2018 Menü Suchen Suchen Mein Konto Menü schließen Mein Konto Anmelden oder registrieren Übersicht Persönliche Daten Adressen Zahlungsarten Bestellungen Merkzettel Warenkorb 0 0,00 € Weihnachten Wein Probierpakete Sekt & Champagner Spirituosen Präsente Feinkost Accessoires Aktionen Zeit für die Bescherung Jeden Tag eine Überraschung Sortiment Rotwein Roséwein Weißwein Trockener Wein Feinherber Wein Lieblicher Wein Dessertweine Bestseller Prämierte Weine Weinpakete Bio-Wein Weinberater Länder Italien Frankreich Spanien Deutschland Österreich Portugal Südafrika Australien Chile Argentinien Neuseeland USA Ungarn Top Rebsorten Cabernet Sauvignon Chardonnay Dornfelder Merlot Montepulciano Pinot Grigio Pinot Noir Primitivo Riesling Sauvignon Blanc Shiraz / Syrah Sortimentspakete Rotwein Weißwein Roséwein Schaumwein Genießer-Mix Rebsorten Weingut-Kennenlernpakete Länder Deutschland Frankreich Italien Spanien Aktionen Pakete mit Gratis-Flaschen 6-für-3-Pakete 12-für-6-Pakete Sortiment Cava Champagner Deutscher Sekt Franciacorta Prosecco Cidre Crémant Fragolino Frizzante & Perlwein Spumante Länder Deutschland Frankreich Italien Spanien Marken Schloss Vaux Geldermann Möet & Chandon Veuve Cliquot Laurent Perrier Bouvet Ladubay Piper Heidsieck Ruinart Bollinger Bauget-Jouette Deutz Marken Alde Gott Bottega Lantenhammer Möet-Hennessy Nonino Pernod Ricard Ziegler Sortiment Armagnac Cognac Gin Grappa Aperitif Likör Sortiment Obstler Portwein Rum Sherry Tequila Vodka Wermut Whisky Unsere Präsente Weihnachtsgeschenke Wein-Präsente Schaumwein-Präsente Spirituosen-Präsente Alkoholfreie Präsente Geschenkgutscheine Süßigkeiten Grußkarten Geschenkverpackungen Anlass Weihnachten Firmenpräsente Besonderes Weihnachtsmarkt Dessertweine Präsente bis 35 € Präsenteservice Wein-Abo - ebrosia Select Weihnachtsgeschenke Naschen Aufstriche & Pasteten Gebäck Pasta, Reis & Risotto Schokolade & Süßigkeiten Würzen Essig & Balsamico Feinkost-Öl Gewürze Trinken Kaffee Säfte & Limonaden Tee Gläserarten alle Gläser Zubehör Kühler & Dekanter Weinzubehör Weinbeschreibung Küche & Grill Grillzubehör Küchen-Accessoires Top Aktionen Restposten Bordeaux-Angebote Rioja-Angebote Prosecco-Angebote Toskana-Angebote 5+1 gratis Aktionen Burgund 5+1 gratis 11+1 gratis Aktionen Themen Rieslingwelt Vins de Bordeaux Probierpakete Rotwein-Pakete Weißwein-Pakete Rosewein-Pakete Aktuell & Besonders Neuheiten Wein des Monats Last-Minute-Weihnachtsschnäppchen ebrosia-Weihnachtsmarkt Wein-Abo - ebrosia Select Weinkatalog Herbst/Winter vinival 2018: Hausmesse & Weinfest Menü schließen Kategorien Weihnachten Wein Probierpakete Sekt und Champagner Spirituosen Präsente Feinkost Gläser und Accessoires Aktionen Bio-Wein Roséwein Rotwein Weißwein vinival Weinberater Sektberater Wein-Magazin Informationen Händler-Login Kontakt Unternehmen Service WhatsApp Sicherheit / Datenschutz Katalog anfordern Sitemap Mein Konto Wein verschenken ebrosia-Katalog Service-Hotline +49 34202 30900(Mo-Fr 8-19 Uhr, Sa 8-16 Uhr) Bezahlarten Informationen AGB / Widerrufsformular Impressum Kontakt Unternehmen Portrait BIO Zertifizierung Kooperationen Impressum Sicherheit / Datenschutz Datenschutz Newsletter - Rabatte sichern! Profitieren Sie mit unserem Newsletter bequem von XXL-Rabatten, Gratis-Aktionen, Neuvorstellungen und vielem mehr. Nach oben * Alle Preise inkl. gesetzl. Mehrwertsteuer zzgl. Versandkosten wenn nicht anders beschrieben © 2017 ebrosia GmbH + Co. KG W.-C.-Röntgen-Str. 2, 04509 Delitzsch Wein kaufen - Genuss und Leidenschaft Wein - Kein Getränk ist so vielfältig und poetisch zugleich. Denn auch wenn sich über Geschmack kaum streiten lässt: Die feinen Unterschiede der Trauben und Nuancen im Buket sind gern das Thema von anregenden Gesprächen von Wein-Liebhabern und -Experten auf der ganzen Welt. Viele Menschen schätzen jedoch ebenso das klassische Ambiente, einen guten Wein mit Freunden zu genießen. Sei es zum Essen, einem romantischen Treffen oder einer geselligen Abend-Runde: Wein steht stets für Lebensfreude, Sinnlichkeit und Genuss. Finden Sie bei ebrosia Rotwein, Weißwein und Roséwein aus den leckersten Rebsorten der ganzen Welt. Wir stehen in engem Kontakt zu den besten Winzern und Wein-Lieferanten, um immer wieder frische Kreationen von Rotwein und Weißwein, aber auch Spirituosen, Delikatessen und Schokolade für Sie zu finden. In unseren Wein-News recherchieren wir für Sie Neuigkeiten rund um Wein oder bieten Ihnen beliebte Rezepte, die Sie mit Freunden, zum Beispiel bei einem Glas Champagner oder Rotkäppchen-Sekt ausprobieren können. Wein und andere Spezialitäten Freunde und Liebhaber von Prosecco, Grappa, Madeira oder Sherry kommen natürlich auch auf Ihre Kosten: Diese besonderen Angebote finden Sie bei ebrosia ebenso wie auch klassischen Rotwein aus dem Bordeaux, Weine aus Italien oder die berühmten Weine der Rebsorte Pinot Noir. Unser Sommelier Rüdiger Kleinke prüft jeden Wein sorgfältig für Sie, und unser Whisky-Experte hat jede Menge Whisky-Tipps im Repertoire! Doch werden Sie selbst zum Wein-Experten: Neben dem Wein-Shop, wo sie bequem Wein online bestellen können, bieten wir Ihnen auch eine Software zur Wein-Verkostung (Degustation) an. Finden Sie Bewertungen anderer Wein-Liebhaber zu Weinen, die Sie interessieren könnten und verwalten Sie Ihren Weinkeller ganz einfach online! Weingenuss aus aller Welt im Weinshop ebrosia.de In unserem Weinshop finden Sie schnell und unkompliziert Ihre neuen Favoriten aus der Welt der Reben. Die unzähligen Aromen aus aller Welt erfreuen den Gaumen und das Genießerherz. Finden Sie durch übersichtliche Suchfunktionen die Weine Ihrer bevorzugten Anbaugebiete. Wählen Sie Ihren Lieblingswein nach Sorte, Anbaugebiet oder Weinart und profitieren Sie dabei von unseren guten Konditionen. Der Einkauf im Weinshop ebrosia.de bietet Ihnen die Möglichkeit, Wein günstig online zu bestellen, ohne Abstriche in Qualität und Geschmack befürchten zu müssen. Das umfangreiche Sortiment im Weinshop bietet für jeden Geschmack die passenden, erlesenen Tropfen. Gepaart mit einem liebevoll ausgesuchten Sortiment an Delikatessen und Feinkost, die optimal den Genuss eines guten Weines abrunden, bieten sich Ihnen alle unsere Produkte für den eigenen Genuss ebenso wie als Geschenk für Ihre Lieben. Verwöhnen Sie sich selbst oder beschenken Sie genussbegeisterte Menschen mit ausgesuchten Köstlichkeiten für einen gelungenen Abend. Unser Weinshop bietet Ihnen alles, was Sie für dafür benötigen. Wein - köstlicher Rebsaft mit langer Tradition Im Weinshop finden Sie qualitativ hochwertige Weine aus aller Welt, die von ausgesuchten Weingütern mit Liebe zur Traube und dem besonderen Anspruch gewonnen werden, den Gaumen des Genießers zu erfreuen. Vom klassischen Weinbau bis hin zu Wein aus dem Bio-Anbau finden Sie im Sortiment des ebrosia.de Weinshops die ausgesuchten Besonderheiten, auf die Sie als Weinkenner Wert legen. Wir sehen uns dabei nicht als einfacher Weinshop, sondern als Spezialitätensucher im Auftrag Ihres Gaumens. Bei einem optimalen Preis-Leistungs-Verhältnis, möchten wir Ihnen den Einkauf über das Internet so einfach und unkompliziert wie möglich machen, ohne Abstriche bei der Qualität zu dulden. Doch im Weinshop ebrosia.de finden Sie noch viel mehr. Ausgesuchte Spirituosen und Utensilien für Aufbewahrung, Ausschank sowie regelmäßig wechselnde Sonderangebote bieten Ihnen alles, was das Genießerherz begehrt. Stöbern Sie in unserem Weinshop für Ihren Genuss und die Freude an einem guten Tropfen Wein. ... mehr anzeigen "
45,eks-parken.de," Parken am Flughafen Schönefeld in Berlin | Berlin BER - EKs Parken Kontakt Impressum Sitemap FAQ Profil Anfahrt Reservierung Service Airport-Shuttle Sicherheit Preise Startseite Sehr günstiges Parken am Flughafen Schönefeld. Starten Sie Ihren wohlverdienten Urlaub ganz entspannt mit uns! Stellen Sie Ihr Auto bei uns ab und genießen Sie die zahlreichen Vorteile, die Ihnen Eks Parken als versierter Partner am Flughafen Schönefeld bietet: Größtmögliche Sicherheit: Wir bewachen Ihr Auto auf unseren Plätzen 24 Stunden lang Umzäuntes Grundstück, Zutritt nur für autorisierte Personen Geld sparen: Unsere Stellplätze sind ab 4€ pro Tag zu mieten Kurze Anfahrtswege: Wir befinden uns rund 300 Meter vom Flughafen Berlin-Schönefeld entfernt Sie parken direkt auf der Flughafenseite Ein kostenloser Shuttleservice für die Hin- und Rückfahrt bringt Sie pünktlich und stressfrei zum Gate Bester Service: Reservieren Sie Ihren Stellplatz telefonisch oder online – zu jeder Zeit Wir sind rund um die Uhr für Sie vor Ort, um Sie zu empfangen Weitere Informationen Unmittelbar an der süd-östlichen Stadtgrenze im Landkreis Dahme-Spreewald im Lande Brandenburg befindet sich der Flughafen BER /Berlin Schönefeld , der neben Berlin-Tegel die Beförderung von mehr als 5 Millionen Passagieren und gut Zehntausend Tonnen Luftfracht pro Jahr ermöglicht. Künftig wird der Flugverkehr der Region Berlin-Brandenburg auf dem Flughafen Berlin-Brandenburg “Willy Brandt” gebündelt. Wann dieser Flughafen vollständig in Betrieb genommen wird, ist derzeit allerdings noch offen. Bekannt ist der neue Airport auch unter den Begriffen Flughafen BBI sowie Flughafen/Airport BER. Welche Bezeichnung sich im Volk wohl durchsetzen wird, ist noch offen. Fest steht: Geschäftsreisenden, Touristen und Unternehmen bietet die Hauptstadtregion dann einen High-Tech-Airport mit besten Verbindungen, mit internationalen Flügen und einem eigenen Autobahnanschluss und Bahnhof direkt unter dem Terminal. Für alle, die mit dem Auto an- und abreisen, sind wir natürlich weiterhin da. Unsere Kunden finden uns am neuen Flughafen Berlin Brandenburg International wie gewohnt zuverlässig mit unserem umfangreichen Parkservice vertreten. Kontakt :: Impressum :: Sitemap EKs Parken Flughafen Schönefeld | Mittelstraße 1 (Kurzer Weg) | 12529 Schönefeld | 030 / 6332551 | 0175 / 4913794 "
46,elektromaterial.eu," Elektromaterial Zertifiziert seit 27.11.2012×Zertifizierter Shop Um Elektromaterial in vollem Umfang nutzen zu können, empfehlen wir Ihnen Javascript in Ihrem Browser zu aktiveren. Wir sind für Sie da 02166 - 14 44 912 | Mo-Do 07.30 - 17.00 Uhr und Fr 7.30 - 15.30 Uhr Service/Hilfe Über uns Kontakt Zahlung und Versand Widerrufsrecht Datenschutzerklärung Hinweis zur Batterieentsorgung Widerrufsfomular AGB & Kundeninformationen Impressum Suchen Suchen Merkzettel (0) Mein Konto 0 Kabel & LeitungenInstallationsmaterialSchaltermaterialLichttechnikWerkzeugVerteilerbauTürsprechanlagenBatterienBlitz / ÜberspannungsschutzSONDERPOSTEN Zur Kategorie Kabel & Leitungen Brandmeldekabel PVC Leitung H03VV-F-H05VV-F Patchkabel Halogenfreie Leitungen Illuminationsleitung Datenkabel Gummikabel / Titanex Lautsprecherleitung Kupfer Stegleitung Telefonkabel J-Y(ST)Y Verdrahtungsleitung Feuchtraumkabel NYM-J Erdkabel NYY-J Koaxialkabel Verlängerungen / Zuleitungen Zur Kategorie Installationsmaterial Kabelverschraubungen Rohre Gerätedosen Verteilerdosen Befestigungstechnik Teleskop-Geräteträger und -dose Betondosen Unterputzkästen Kabelbinder Kabelhalter Zur Kategorie Schaltermaterial KLEIN-SI® reinweiss Feuchtraum Aufputz Sat, Telefon und Datendosen Herdanschlußdosen Merten Feuchtraum Unterputz GIRA Zur Kategorie Lichttechnik Leuchten Leuchtmittel Zubehör Zur Kategorie Werkzeug Kabelschneider Maulschlüssel Abisolierer Abmantler / Kabelmesser Zubehör Hammer Bohrer Messtechnik Sägen Arbeitsschutz Handmeißel Schraubendreher Zangen Schrauberbits Zur Kategorie Verteilerbau Zeitschaltuhren Wago Reihenklemmen Hauptschalter / SLS Schalter Stromzähler Treppenhauszeitschalter Hauptleitungsabzweig Zählerschränke Motorschutzschalter Fehlerstromschutzschalter Sicherungen Installationsrelais Stromstossschalter Aufputzverteiler Hohlwandverteiler Unterputzverteiler Zubehör Zur Kategorie Türsprechanlagen Zubehör Audio Video Gongs Funkgongs Türsprechanlagen Eine Türsprechanlage besteht meistens aus zwei Teilen. Davon befindet sich das Außenteil vor der Haustür. Das Innenteil wird, wie es der Name schon sagt, im Haus oder in der Wohnung befestigt. Dabei gibt es die unterschiedlichsten... mehr erfahren Zur Kategorie Batterien Zur Kategorie Blitz / Überspannungsschutz Zur Kategorie SONDERPOSTEN  Menü schließen Kategorien Kabel & Leitungen Installationsmaterial Schaltermaterial Lichttechnik Werkzeug Verteilerbau Türsprechanlagen Batterien Blitz / Überspannungsschutz Netzwerktechnik Rolladen & Jalousiesteuerung / Motoren Sicherheit Steckverbinder Erdungsmaterial Gummistecker / Gummikupplung Lüftungstechnik Satellitentechnik Sonstiges SONDERPOSTEN Informationen Über uns Kontakt Zahlung und Versand Widerrufsrecht Datenschutzerklärung Hinweis zur Batterieentsorgung Widerrufsfomular AGB & Kundeninformationen Impressum Neu im Sortiment OSRAM PARATHOM LED GU10 4,6W 3000K Dimmbar 6,19 € * Kalnux LED GU10 7W 2700K 4,29 € * Kalnux LED GU10 7,5W 2700K Dimmbar 5,99 € * 48W LED Deckenleuchte eckig weiss 4000K 54,99 € * 48W LED Deckenleuchte eckig weiss 3000K 54,99 € * 24W LED Deckenleuchte rund weiss 4000K 21,49 € * 1 Meine Vorteile Fachexpertise von 70 Jahren Umfassendes Sortiment Bekannte Markenhersteller Gutes Preis-Leistungsverhältnis Qualität vom Fachman Alles für die Elektroinstallation Shop mit umfassendem Sortiment Für sämtliche Vorhaben im Bereich Elektroinstallation bietet unser Shop die notwendige Ausstattung. Wenn Sie Leitungen verlegen möchten, haben Sie bei uns eine ausgezeichnete Auswahl an anwendungsspezifischen Kabeln. Mit Gummikabeln von Titanex, die wir Ihnen in verschiedenen Längen anbieten, sind Sie dabei immer auf der sicheren Seite. Genauso bekommen Sie hier aber auch halogenfreie Kabel, Patch- und Datenkabel sowie weitere Spezialkabel. Sie benötigen Erd- oder Feuchtraumkabel? Kein Problem – bei uns werden Sie garantiert fündig. Darüber hinaus halten wir auch Kanäle zur Kabelführung sowie Zubehör unterschiedlichster Art für Sie bereit, damit Sie problemlos eine professionelle Verkabelung einrichten können. Elektromaterial online bestellen Zur bequemen Steuerung von Licht, Rollläden und anderen Anwendungen in der eigenen Wohnung halten wir auch Kopp Free-control®-Systeme für Sie bereit. Damit erleben Sie eine neue Form des Komforts in den eigenen vier Wänden. Und wenn Sie einen neuen Receiver kaufen möchten, haben wir ebenfalls das passende Modell für Sie im Angebot. Ob Satellitentechnik, Erdungsmaterial oder Verteilerbau? Wenn Sie Elektromaterial online bei elektromaterial.eu ordern, dürfen Sie sich stets auf beste Produktqualität verlassen. Kontaktieren Sie uns jetzt! Außerdem sorgen wir dafür, dass Ihnen im wahrsten Sinne des Wortes ein Licht aufgeht. In unserem produktreichen LED-Leuchtmittel-Shop bieten wir Ihnen LEDs verschiedener bekannter Markenhersteller an, mit denen Sie preiswert Licht ins Dunkel bringen. Hier können Sie LED-Leuchten günstig erwerben, die in der Energieeffizienzklasse A angesiedelt sind und über eine Lebensdauer von bis zu 30 Jahren verfügen. Des Weiteren erhalten Sie: Deckenleuchten, Partylampen, Wannenleuchten, Einbaustrahler und vieles mehr. Mit unserer großen Erfahrung beraten wir Sie überaus kompetent und stehen Ihnen als ausgewiesene Experten mit Rat und Tat zur Seite. Sollten Sie in unserem umfangreichen Elektromaterial-Shop etwas vermissen, sprechen Sie uns einfach direkt an! Kabel & Leitungen Installationsmaterial Schaltermaterial Lichttechnik Werkzeug Verteilerbau Türsprechanlagen Batterien Blitz / Überspannungsschutz Kabel & Leitungen Installationsmaterial Schaltermaterial SONDERPOSTEN Kabel & Leitungen Schaltermaterial Kabelkanal Rauchmelder Verteilerbau Stangenrohr Lichttechnik Wellrohr flexibel Werkzeug Satellitentechnik Türsprechanlagen CEE Teleskop-Geräteträger und -dose Batterien Wago Klemmen Rolladen & Jalousiesteuerung / Motoren Service Hotline Telefonische Unterstützung und Beratung unter:02166 - 14 44 912Mo-Do: 07:30 - 17:00 UhrFreitags 7.30 - 15.30 Uhr Sicher einkaufen Shop Service Kontakt Zahlung und Versand Widerrufsrecht Widerrufsfomular AGB & Kundeninformationen Impressum Informationen Aktuelles Über uns Datenschutzerklärung Hinweis zur Batterieentsorgung * Alle Preise inkl. gesetzl. Mehrwertsteuer zzgl. Versandkosten und ggf. Nachnahmegebühren, wenn nicht anders beschrieben Über uns Kontakt Zahlung und Versand Widerrufsrecht Datenschutzerklärung Hinweis zur Batterieentsorgung Widerrufsfomular AGB & Kundeninformationen Impressum © 2016 Dicken & Hilgers GmbH Es wurde festgestellt, dass Cookies in Ihrem Browser deaktiviert sind. Um Elektromaterial in vollem Umfang nutzen zu können, empfehlen wir Ihnen, Cookies in Ihrem Browser zu aktiveren.✕ Zertifikat prüfenKäuferschutzbedingungen Impressum Datenschutz+Maximieren×SchließenZertifizierter ShopZertifikat prüfenKäuferschutzbedingungen Impressum Datenschutz–Minimierenelektromaterial.eu×KäuferschutzSie können sich nach dem Einkauf für die kostenlose Trusted Shops Mitgliedschaft Basic anmelden, inkl. Käuferschutz bis je 100 € für den aktuellen Einkauf sowie für Ihre weiteren Einkäufe in deutschen Shops mit dem Trusted Shops Gütesiegel.Mit Trusted Shops PLUS (inkl. Garantie) werden Ihre Einkäufe sogar bis je 20.000 € durch den Käuferschutz (inkl. Garantie) abgesichert, für 9,90 € pro Jahr inkl. MwSt. bei einer Mindestvertragslaufzeit von 1 Jahr. Die Absicherungsdauer des Käuferschutzes pro Einkauf beträgt in beiden Fällen 30 Tage.Es gelten die Mitgliedschafts- und Käuferschutzbedingungen.Zertifiziertseit 27.11.2012Käuferschutzbis zu 20.000 €"
47,escapio.com," Escapio Hotelpreisvergleich: Luxus-, Boutique und Designhotels buchen Meine Merkliste Kontakt USD ($) de 04. – 05.02.2018 2 Traumhotels. Handverlesen. Gardasee Sardinien Griechische Inseln Kroatien Mallorca Toskana Provence Südtirol Über Escapio Reisende mit Anspruch wollen für ihren Urlaub das beste Hotel zum besten Preis buchen. Deswegen gibt es Escapio, den Preisvergleich für einzigartige Hotels. Vorselektierte Auswahl: Zeit und Geld sparen Escapio hat nur die schönsten Hotels weltweit in sein Portfolio aufgenommen: Vom trendigen Designhotel bis zum romantischen Schlosshotel, vom charmanten Boutique Hotel bis zum opulenten Luxushotel, vom großzügigen Wellnesshotel bis zum rustikalen Landhotel – der Wohlfühlfaktor muss stimmen. Darum wurden alle Hotels von der Escapio Redaktion handverlesen. Sobald das persönliche Traumhotel gefunden ist, durchsuchen wir die Angebote der Top-Hotelbuchungsseiten weltweit, wie zum Beispiel Booking.com, Expedia, HRS, Hotels.com oder Hotel.de, um den bestmöglichen Preis für unseren Kunden zu erhalten. So lassen sich bis zu 70% sparen. Für die Buchung leiten wir den Kunden mit einem Klick zur ausgewählten Hotelbuchungsseite weiter. Das richtige Hotel finden. Zum günstigsten Preis buchen. Handverlesene Hotelauswahl: Qualität ist oberstes Kriterium Bei Escapio gibt es keine unübersichtliche Hotelwüste. Bei uns findet der Kunde eine handverlesene Auswahl nur der besten Hotels weltweit. Alle Escapio-Hotels unterliegen strengen Aufnahmekriterien. Entscheidend bei der Selektion eines Hotels sind Qualität sowie ein überzeugendes Gesamtkonzept. Zudem achten wir auf hochwertige Ausstattung, charmante Atmosphäre, perfekten Service, herausragende Lage, stringentes Design sowie höchste Gästezufriedenheit. Escapio legt keinen Wert auf die Größe oder den wohlklingenden Namen einer Hotelkette, sondern auf Individualität und Persönlichkeit. Gut zu wissen: Die Aufnahme eines Hotels bei Escapio ist nicht käuflich. Nur 20% der bisherigen Hotelbewerbungen erfüllten unsere strengen Kriterien und wurden in die Selektion aufgenommen. Den günstigsten Preis finden: Wir vergleichen die Preise von 200 Seiten Die Suche nach dem perfekten Hotel mit Wohlfühlfaktor kann viel Zeit kosten. Damit unsere Kunden ihr Traumhotel schnell & zum günstigsten Preis finden, gibt es Escapio. Wir bieten nicht nur eine vorselektierte Hotelauswahl, sondern übernehmen auch den Preisvergleich – und suchen auf über 200 Seiten nach dem besten Angebot für das Wunschhotel. Schnell, zuverlässig und übersichtlich sortiert. So spart der Kunde Zeit und gelangt mit einem Klick ohne Umwege zur Buchung auf die Angebotsseite. Die richtige Inspiration: Hoteltypen & Lifestylekriterien Mit der Angabe von Reiseziel und Reisedatum ist es meistens nicht getan. Wer ein romantisches Hotel für die Hochzeitsreise, Weingüter für die Gourmettour oder das Traumhotel am Strand für entspannte Ferien sucht, muss auf herkömmlichen Buchungsportalen zeitintensiv und geduldig suchen. Deswegen kategorisiert Escapio Hotels in 26 Hoteltypen und Lifestylekriterien, wie zum Beispiel in edle Luxushotels, romantische Landhäuser, stylische Designhotels, historische Schlösser oder marokkanische Riads. Nur so finden unsere Kunden das Hotel, nach dem sie auch wirklich gesucht haben: der erste Schritt für einen perfekten Urlaub. Einen Vorgeschmack gefällig? Handverlesene Hotels, präzise Beschreibungen, exklusives Insiderwissen & hilfreiche Inspiration: Die Hotelsuche auf Escapio ist pures Vergnügen. Noch keine Idee für den nächsten Urlaub? Das sind unsere Empfehlungen: Luxushotels in den schönsten Regionen Versteckt in geheimen Buchten oder im malerischen Hinterland: Auch dank der traumhaften Luxushotels auf Mallorca ist der Ruf der Baleareninsel wieder ins rechte Licht gerückt. Weiße Sandstrände und unberührte Natur sind aber nicht nur hier Anziehungsmagnet für Reisende. Luxushotels in Griechenland, Luxushotels auf den Kanarischen Inseln oder Luxushotels in Kroatien versprechen ebenfalls glitzerndes Meer, Sonne satt und eine unvergleichliche Gastfreundschaft, die sich im 5-Sterne-Service niederschlägt. Pulsierende Städte wie die Donaumetropole Wien mit ihren Palästen, Burgen und Schlössern erkundet man am besten aus einem Wiener Luxushotel heraus. Wer es noch opulenter mag, wird die Türkei lieben. Die Luxushotels in der Türkei setzen Maßstäbe mit orientalischem Ambiente, opulenten Marmorbädern und modernstem Interieur. Klassischen Luxus in Grand-Hotel-Manier gibt es dagegen in Luxushotels am Gardasee. Vor allem am Westufer stehen Luxusshopping und Lifestyle hoch im Kurs. Designhotels für Reisen mit Stil Für Städtereisen braucht man Stil. Warum Museen, Galerien und Boutiquen besuchen, um am Ende des Tages in ein gewöhnliches Hotel einzukehren? Berlins Designhotels und Designhotels in München sind nicht nur Vorreiter in Sachen Architektur, sie verraten auch Raffinesse im Innendesign. Beispiel gefällig? Dann schauen Sie sich das Sofitel Munich Bayerpost in München an. Zudem wissen Städtereisende schon lange, dass man in Designhotels in Wien und in Barcelonas Designhotels stilecht übernachten kann. Sie setzen Standards, die man nie wieder missen möchte. Der urbane Geist spiegelt sich in jedem Möbelstück: von puristisch, frisch und neu bis hin zu bunt, quirlig und gewagt. Natürlich spielt der Deutschen liebste Insel auch in der obersten Liga der Designhotels mit. Designhotels auf Mallorca schaffen mühelos einen Spagat zwischen jung, geradlinig, landestypisch und naturnah. Auch die deutsche Küste hält mit: Immer öfter weicht der typische Urlaub am Meer einem Hotelaufenthalt mit Stil. Die Designhotels an der Ostsee haben Klasse, sind nicht überladen und verleihen dem Strandurlaub Glamour. Boutique Hotels für anspruchsvolle Individualisten Sich auf Reisen wie zuhause fühlen, beginnt schon mit dem Öffnen der Hoteltür: Fühlt es sich persönlich und individuell an? Dann ist man angekommen. Vor allem Stadthotels haben den Dreh raus, aus Hotelzimmern die eigenen vier Wände auf Zeit zu machen. Sich wie daheim zu fühlen, ist in Berliner Boutique Hotels fast so typisch wie die perfekte Lage. Alles hier ist kleiner, ruhiger und authentischer. In Boutique Hotels in Istanbul gibt es in letzter Zeit sogar den Trend, die Rezeption „verschwinden“ zu lassen. Das Personal ist unaufdringlich-familiär, die anderen Gäste sind liebgewonnene Nachbarn. Für Reisende, die Strand, Meer und vor allem Ruhe suchen, sind Inselhotels im Boutique Stil die beste Empfehlung. Boutique Hotels auf Sardinien oder Boutique Hotels auf Teneriffa beispielsweise sind nicht selten wahre Oasen der Stille: Erfrischende Pools, lauschige Gärten und geschmackvolles Interieur sind das perfekte Ambiente zum Abschalten. Skihotels für höchste Ansprüche In der Sonne glitzernder Schnee und perfekt präparierte Pisten in direkter Nachbarschaft: Wintersportler sind ständig auf der Suche nach dem perfekten Reiseziel um ihren Lieblingssport auszuleben. Eine klassische Destination für Skifahrer sind die Skihotels in Tirol und die sanften Bergriesen der Alpen. In Österreichs Skihotels liegen alpiner Lifestyle und großes Design oft ganz dicht beieinander. Mit Chalet-Atmosphäre und Kaminromantik begeistern die Skihotels in Graubünden nicht nur die High Society. Auch in Deutschland warten Skigebiete mit viel Stil und einer aufregenden Bergkulisse auf. Vor allem bayerische Skihotels und die Skihotels im Allgäu sind Meister darin, herzlichen Service mit dem urigen Charme der Berge zu verknüpfen. Die schönsten Hotels der Toskana Escapios Geschichte begann mit einer Reise durch die Toskana. Jedes Hotel, das wir damals in unser Portfolio aufgenommen haben, hatten wir selbst gesehen. Mittlerweile ist die Auswahl um einiges größer und die Hotels sind schöner denn je. So sind zum Beispiel das Boutique Hotel La Tabaccaia oder das kleine Wellnesshotel Le Fontanelle die ideale Wahl für alle, die das Lebensgefühl der Toskana spüren wollen. Das Strand- und Wellnesshotel Terme Marine Leopoldo II zeigt, dass Strand ebenso zum Landschaftsbild der Toskana gehört wie weite Hügel und Zypressen. Pulsierendes Cityleben gibt es in Florenz. Dort verbindet das Montebello Splendid 5 Sterne Service mit der Eleganz einer historischen Stadtvilla. Einzigartige Hotels & Fincas auf Mallorca Wer auf eigene Faust verreist, schätzt das malerische Hinterland von Mallorca, die Berge der Tramuntana und die Sandstrände. Wer das echte Mallorca erkunden möchte, wohnt am besten in Fincahotels, die es sonst nirgendwo gibt. Wie das Agroturismo Fincahotel Es Llobets | Adults Only oder das luxuriöse Boutique Hotel La Moraleja: landestypisch, klein, charmant und in liebevoll restaurierten Gutshäusern. Hotels wie das Espléndido Hotel im Vintage-Stil oder das luxuriöse Hotel Hospes Maricel & Spa mit 7-Gänge-Frühstück zeigen, dass Mallorca auch Design kann. Aber am meisten locken auf Mallorca immer noch die kleinen, besonderen Hotels wie das Hotel Cas Ferrer Nou Hotelet, die einen immer wieder an denselben Ort zurückkehren lassen. Traumhafte Inseln & Fernreisen Ob Hochzeitsreise oder die Flucht vor den Wintermonaten: Fernreisen sind ein Garant für unvergessliche Erinnerungen. Schon mal an eine Reise wie aus 1001 Nacht gedacht? Dann sind die kleinen Riads und Hotels von Marokko die ideale Wahl. Mexikos Traumhotels lassen dagegen Abenteurer und Individualreisende staunen und New Yorks Hotels verleihen jeder Fashionista das Gefühl, in einem Filmset aufzuwachen. Wer es extra romantisch möchte, der wird um die traumhaften Hotels auf den Seychellen, den Malediven oder auf Bali nicht herumkommen – auf Inseln wie gemacht für Honeymooner. Noch mehr Ideen gefällig? Reiseblogger sind leidenschaftliche Urlauber. Sie erzählen von Weltreisen und Abenteuern und inspirieren zu Traumreisen in exotische Länder oder zum spontanen Kurztrip ins benachbarte Bundesland. Mehr Hotels buchen Beliebte Hoteltypen 29414 Sterne Hotels 19425 Sterne Hotels 3145Boutique Hotels 1982Designhotels 1371Familienhotels 385Golfhotels 106Hotels für Erwachsene 2358Kleine Hotels 850Landhotels 2009Luxushotels 75Paradores 3050Romantische Hotels 203Schlosshotels 582Skihotels 1230Strandhotels 96Fincahotels 192Weingut Hotels 2573Wellnesshotels Beliebte Städte 26Hotels Amsterdam 40Hotels Bangkok 86Hotels Barcelona 15Hotels Dubrovnik 69Hotels Florenz 37Hotels Hamburg 40Hotels Lissabon 60Hotels London 31Hotels München 26Hotels Mailand 83Hotels New York 72Hotels Marrakesch 20Hotels Nizza 25Hotels Palma de Mallorca 84Hotels Paris 44Hotels Prag 65Hotels Rom 67Hotels Wien 31Hotels Venedig 24Hotels Zürich Beliebte Regionen 65Hotels Algarve 168Hotels Andalusien 43Hotels Bali 95Hotels Côte d’Azur 52Hotels Gardasee 29Hotels Ibiza 24Hotels Ko Samui 20Hotels Lago Maggiore 198Hotels Mallorca 120Hotels Deutsche Ostsee 183Hotels Provence 87Hotels Santorin 44Hotels Sardinien 60Hotels Sizilien 278Hotels Südfrankreich 112Hotels Südtirol 39Hotels Teneriffa 389Hotels Toskana Beliebte Länder 824Hotels Deutschland 560Hotels Frankreich 285Hotels Griechenland 250Hotels Großbritannien 1238Hotels Italien 107Hotels Kroatien 37Hotels Malediven 105Hotels Marokko 496Hotels Österreich 224Hotels Portugal 239Hotels Schweiz 1085Hotels Spanien 107Hotels Südafrika 161Hotels Thailand 81Hotels Türkei 376Hotels USA Highlights 33Luxushotels Mallorca 109Romantische Hotels Mallorca 53Romantische Hotels Paris 9Designhotels Gardasee 67Designhotels New York 48Designhotels Berlin 19Designhotels München 44Boutique Hotels London 28Boutique Hotels Istanbul 30Strandhotels Toskana 41Weingut Hotels Toskana 95 Sterne Hotels Gardasee 36Kleine Hotels Kroatien 105Kleine Hotels Mallorca 142Landhotels Toskana Mehr Nach oben Newsletter abonnieren & Vorteile sichern Newsletter abonnieren & Vorteile sichern Absenden newsletter_form_error Absenden Sprache: Deutsch DeutschEnglishEspañol Währung: USD ($) EUR (€)USD ($)GBP (£)CHF Kontakt Über uns Impressum Service & Hilfe Impressum AGB Datensicherheit Über Escapio Über uns Escapio Blog Presse Für Bewerber Hotels & Partner Hotel-Login Hotelpartner werden Werbung schalten Reiseziele Hoteltypen Hotels "
48,estugo.de," Onlineshop Hosting für Gambio, Shopware, JTL Shop › Shop Hosting von ESTUGO Sehr gut5.00/5.00Zertifiziert seit 21.12.2017×Kundenbewertungen Ohne Risiko hosten1 Monat Vertraglaufzeit 03834 5139-52Wir beraten Sie gerne. support@estugo.deAuch gerne per E-Mail. Shop Hosting Shop Hosting Gambio Hosting Shopware Basic Shopware Plus Prestashop Starter JTL Basic Webhosting Webhosting Web Visitenkarte SSL PositiveSSL Zertifikat SSL123 Zertifikat Server Managed vServer Root vServer Support Allgemein Dokumente E-Mail Plesk Service Partner Shopbetreiber Support Vertragliches Domains Information Ihre Sicherheit Was ist Webhosting? Shop Hosting mit ESTUGO Rechenzentrum 1 Monat Laufzeit Grüner Strom 7 Tage Backup Shop Hosting Support Das ist ESTUGO Shopsoftware Übersicht FAQ Erstklassiger Support Antworten auf viele häufig gestellte Hosting Fragen erhalten Sie in unserem Supportbereich. Zum Supportbereich Ihr Shop & unser Hosting Eröffnen Sie einen Onlineshop! Informationen zu unseren Shop Hosting Tarifen finden Sie hier. Shop Hosting mit nur 1 Monat Laufzeit, kostenlosem Umzugsservice und Shop Installation. Zu den Shop Hosting Tarifen Noch mehr Sicherheit Für Ihre Sicherheit im Internet: 7 Tage Backup inklusive. Erstellen Sie eigene Backups. Nutzen Sie ein eigenes SSL Zertifikat für Ihre Domain und bieten Sie Ihren Kunden und Besuchern noch mehr Sicherheit dank https:// Webhosting Tarife für Ihre Ideen ESTUGO ist Ihr Hostingpartner für Onlineshops & Webseiten mit erstklassigem Support. Zu den Hostingtarifen Erstklassiger Support Antworten auf viele häufig gestellte Hosting Fragen erhalten Sie in unserem Supportbereich. Zum Supportbereich Ihr Shop & unser Hosting Eröffnen Sie einen Onlineshop! Informationen zu unseren Shop Hosting Tarifen finden Sie hier. Shop Hosting mit nur 1 Monat Laufzeit, kostenlosem Umzugsservice und Shop Installation. Zu den Shop Hosting Tarifen 1234 Starter Web Ein Webhosting Tarif für Webseiten und CMS (z.B. Wordpress / Joomla). Webspace: 1.000 MB SSD Traffic: 500 GB PHP-Speicher: 128 MB PHP-Timeout: 60 Sekunden Laufzeit: 1 Monat 3,99* € im Monat Weitere Tarifdetails Ecom Starter Ein Shop Hosting Tarif für Onlineshops (z.B. JTL Shop). Webspace: 5.000 MB SSD Traffic: 500 GB PHP-Speicher: 128 MB PHP-Timeout: 120 Sekunden Laufzeit: 1 Monat 7,99* € im Monat Weitere Tarifdetails Unser Topseller Gambio Hosting Basic Ein Shop Hosting Tarif, optimiert für Gambio Shops (z.B. Gambio GX3). Webspace: 20.000 MB SSD Traffic: 1.048 GB PHP-Speicher: 256 MB PHP-Timeout: 120 Sekunden Laufzeit: 1 Monat 9,99* € im Monat Weitere Tarifdetails Managed vServer L Ein virtueller Server mit viel Leistung. Perfekt für Shop & CMS. Webspace: 180 GB SSD Traffic: 10.000 GB PHP-Speicher: > 512 MB PHP-Timeout: > 500 Sekunden Laufzeit: 3 Monate 79,99* € im Monat Weitere Tarifdetails Weitere Shop Hosting Angebote Shop Hosting ESTUGO bietet leistungsstarkes Shop Hosting mit einem schnellen, umfangreichen Support an. Mehr... SSD Hosting Maximale Performance für maximale Coversion-Rate. Mehr... Gambio Hosting ESTUGO ist langjähriger Hosting Partner von Gambio. Profitieren Sie von unserer Erfahrung. Mehr... Anbieterwechsel Jetzt zu ESTUGO wechseln und gleich mehrfach profitieren. Transfer-Service, SSL Zertifikat inklusive Mehr... Hosting Blog Wir halten Sie auf dem laufenden und informieren Sie über aktuelle Themen und Sicherheitsfragen. Mehr... Webhosting Blog, CMS und Webseite performant hosten? Kein Problem, bei ESTUGO finden Sie auch Webhosting Angebote. Mehr... Support Experten Support seit über 10 Jahren. Kein wenn und aber, wir bieten Ihnen Lösungen und das schnell. Mehr... Hostingpartner für Agenturen Was Sie als Agentur von ESTUGO.net erwarten können, erfahren Sie hier. Mehr... 1 Monat Vertragslaufzeit Wir möchten, dass Sie mit dem Shop Hosting von ESTUGO zufrieden sind und Sie nicht durch lange Vertragslaufzeiten an uns fesseln! Kein Risiko, keine Bindung Webhosting kostenlos testen Shopsoftware wählen, 60 Tage testen, anschliessend sofort durchstarten! Keine Kosten, kein Vertrag – garantiert! Jetzt kostenlos testen ESTUGO Support-Center Antworten auf viele häufig gestellte Hosting Fragen erhalten Sie in unserem Supportbereich. Alle Fragen, alle Antworten Jetzt Shop Hosting wechseln Wechseln Sie jetzt mit Ihrem Shop Hosting zu ESTUGO! Unverbindliche Beratung, Umzugsplanung und Shop Transfer inklusive. Hosting wechseln Dienstleister & Partner Alle Unsere Produkte Domains Webhosting Shop Hosting Gambio Hosting vServer (Managed) vServer (Root) Postivessl Zertifikat Web Visitenkarte Informationen Das ist ESTUGO Demo Hosting Vertragslaufzeit 7 Tage Backup Grüner Strom Rechenzentrum Was ist Webhosting? Shophosting mit ESTUGO Support-Center Domains E-Mail Dokumente Service Partner Shopbetreiber SSL Zertifikate vServer Hosting Fragen Alles weitere... Startseite Kontakt Unsere AGB Datenschutz Widerrufsbelehrung Impressum Partnerprogramm * Alle Preise sind in Euro und inkl. der gesetzlichen MwSt. von 19% | Copyright © 2017 ESTUGO Webhosting Webhosting & vServer für Online Shops. Shop Hosting für Modified Shop, Gambio, PrestaShop, Oxid CE, Open Cart, JTL Shop, Shop 2 Date, xt-Commerce 4, osCommerce. Shop Hosting mit SSL Zertifikat (https). Shop Hosting Demo. Hostingempfehlung mit Provision. Webhosting Testbericht. Onlineshop Hosting mit nur 1 Monat Vertragslaufzeit. Tipps zum Shop erstellen. Hosting für Shops .tel Domain registrieren. Shopsoftware Liste. Gambio GX3 Module. Lifetime Provision Webhosting. Rundum Hosting Support. Über ESTUGO Wir verwenden Cookies. Wenn Sie unsere Webseite weiter nutzen, stimmen Sie bitte der Verwendung von Cookies zu.AkzeptierenErfahren Sie mehr Alle Bewertungen Impressum Datenschutz+Maximieren×SchließenSehr gut5.00/5.00Kunden-bewertungenAlle Bewertungen Impressum Datenschutz–Minimierenestugo.de×KäuferschutzIn jedem Shop mit dem Trusted Shops Gütesiegel kaufen Sie sicher ein – nicht zuletzt dank unserer Geld-zurück-Garantie. Direkt nach der Bestellung können Sie mit nur einem Klick den aktuellen Einkauf, sowie automatisch alle zukünftigen Einkäufe in Shops mit dem Trusted Shops Gütesiegel, mit bis zu 0,- € kostenlos absichern lassen. Die Absicherungsdauer pro Einkauf beträgt 30 Tage.Es gelten die Mitgliedschafts- und Käuferschutzbedingungen.×KundenbewertungenDie Note „Sehr gut“ berechnet sich aus den 16 Trusted Shops Bewertungen der letzten 12 Monate, die im Bewertungsprofil eingesehen werden können.143KundenbewertungenSehr gut5.00/5.00Melanie G10.01.2017Ich bin mit Estugo sehr zufrieden. Auf meine Mails wir immer blitzschnell geantwortet, man denkt mit und als ich den Gambioshop installiert haben wollte, bekam ich nach ca. 40 min bereits eine Mail von Herrn Neumann mit den zugunsten. Also wirklich sehr schnell, sehr freundlich und hilfsbereit Vielen vielen DankElisabeth S12.05.2017Estugo wurde uns im Zusammenhang mit dem neuen Shop empfohlen. Kleinerer für uns bis dahin unbekannter Anbieter, der sehr angenehm überraschte. Sehr kompetente Beratung und Hilfe bei Problemen, sehr freundlicher Support, angenehme Ansprechzeiten (sogar freitags bis 18.00Uhr), sehr kurze Antwortzeiten. Preis-Leistung stimmt, Anbieter sehr empfehlenswert.26.09.2017100 perfekter Service, schnell, freundlich und kompetent - kann man nur weiterempfehlen."
49,fairsuchungen.de," Fairsuchungen Sehr gut5.00/5.00Zertifiziert seit 20.07.2009×Zertifizierter Shop Zur Navigation springen. Zum Inhalt springen. Home Ihr Konto Warenkorb Kasse Startseite » Katalog Kategorien SilberschmuckFair Trade SchmuckGeschenkgutscheineGeschenkverpackungen ... Mehr über... Kontakt Liefer- und Versandkosten Zahlungsmethoden Gutscheine Datenschutz AGB Impressum Gesetzliche Informationen Widerrufsrecht Umtausch R�cksendung Service Neue Artikel Unisex Silberarmspange No. 2 119,00 EUR incl. 19 % MwSt exkl.VersandkostenVersandkosten Suche armreif armspange bandring big dreier eau edele fl fl�ssiges fl�ssiges silber geb geb�rstet geb�rstete geflochtene geh�mmerte konkav ring schwarzem silberarmreif silberband silberohrringe silbers spange verhakten viereckig Wortwolken Mehr über... Anfertigung auf Wunsch Silberschmuck Pflege Silberschmuck Reinigung Ringgr��en-Tabelle Ringma�band Pressemeldungen Empfehlungen Silberpreisentwicklung Schmucklexikon Warenkorb Sie haben noch keine Artikel in Ihrem Warenkorb. Willkommen eMail-Adresse: Registrieren Passwort vergessen? Newsletter eMail-Adresse Bestseller 01. Designerring unisex 59,00 EURincl. 19 % MwSt exkl.VersandkostenVersandkosten 02. Ring *Fl�ssiges Silber* 45,50 EURincl. 19 % MwSt exkl.VersandkostenVersandkosten 03. Silberring ""Rondo"" 44,90 EURincl. 19 % MwSt exkl.VersandkostenVersandkosten 04. Silberring *Dreier* 235,00 EURincl. 19 % MwSt exkl.VersandkostenVersandkosten 05. Silberring konvex ""Business"" 198,73 EURincl. 19 % MwSt exkl.VersandkostenVersandkosten WICHTIGE MITTEILUNG: Liebe Kunden, unsere Webpräsenz wurde von unserem alten Provider völlig unerwartet und zwei Monate vor dem uns bekannten Termin abgeschaltet. Die modernen technischen Vorraussetzungen des neuen Providers lassen es leider nicht zu, dass unser Shopsystem dort läuft; der neue Shop ist in Arbeit, braucht aber seine Zeit. Die einzig praktikable Möglichkeit, dass Fairsuchungen auch zwischenzeitlich online und erreichbar ist, war die Weiterleitung auf eine andere Domain. Es geht also alles mit rechten Dingen zu, auch wenn Sie z. Zt. oben in der Adresszeile nicht www.fairsuchungen.de lesen. 15% Rabatt auf den ""Ring des Monats"". In regelmässigen Abständen, etwa 4x pro Jahr suchen wir aus den beliebtesten Silberringen ein anderes Model für Sie aus. Unser Newsletter wird Sie über jedes neue Model informieren. ""Wer zuerst kommt, ...""; um unseren Silberschmuck zu gewohnt günstigen Preisen anbieten zu können, müssen wir unsere Bestände klein halten. Bitte haben Sie Verständnis, wenn es im Rahmen dieser Rabatt-Aktion zu Engpässen kommen kann. Wir bemühen uns umgehend um Nachschub!! Fairsuchungen bietet Ihnen den Silberschmuck, den Sie bisher vergeblich gesucht haben! Unser Kundenservice macht fast alles möglich, bitte scheuen Sie sich nicht, einfach einmal nach zu fragen. Im Shop finden Sie fast ausschließlich gerade Ringgrößen, aber auch Zwischengrößen sind i. d. R. kein Problem. Außerdem lassen wir nicht verfügbare oder nicht im Shop angebotene Ringgrößen gerne für Sie anfertigen. Und sollten Sie einmal die falsche Größe bestellt haben, ist ein Umtausch kein Problem! Ladys-XL-Silberringe: Bei uns finden Sie Ringmodelle für Frauen auch in wirklich großen Größen, abhängig vom Model bis ca. Größe 70. Endlich keine Unisex-Ringe und Verlegenheitskäufe mehr!! Sie kennen Ihre Ringgröße nicht, kein Problem! Gerne lassen wir Ihnen ein kostenloses Ringmaßband zukommen. Einzelne Modelle können wir bis Größe 70 anfertigen lassen; bitte sprechen Sie uns an! Alles selbstverständlich, ohne Aufpreis!! Widerrufsrecht bei ""Anfertigungen auf Kundenwunsch"" ab Größe 66 ausgeschlossen! Unsere Geschenkgutscheine sind genau das Richtige, wenn Sie sich nicht entscheiden können! Unser Schmuck ist seinen Preis wert! Wir achten stets auf ein gutes Preis-Leistungsverhältnis, verzichten auf mässige Qualität zu scheinbar günstigen Preisen. Silberschmuck ist heute längst nicht mehr ""das Gold des kleines Mannes"". Im Gegenteil, Silberschmuck ist heute mehr als gesellschaftsfähig. Viele große Designer fertigen regelmässig Silberschmuck Kollektionen, die sich zunehmender Beliebheit erfreuen. Unvergleichbar ist vor allem die Kombinationsfähigkeit des Silberschmucks. Keine Farbe, kein Material mit dem sich Silberschmuck nicht kombinieren ließe. Dieser Schmuck hat tausend Gesichter. Ein Silberring, der tagsüber als Accessoire Ihre Bürogarderobe pimpt, wird abends in Kombination mit einem passenden Silberarmreif zu einem echten Highlight und Hingucker; Ihr Outfit so zu einem echten Unikat. Seit Menschengedenken hat Schmuck sowohl eine psychologische als auch symbolische Bedeutung. Schmuck hebt nicht nur das Selbstwertgefühl, Schmuck drückt auch Lebensfreude aus. Er pimpt also in doppelter Hinsicht. Silberschmuck zieht sich als modisches Accessoire und Ausdruck der Persönlichkeit durch alle Altersstufen. Silber zählt weltweit zu den meistgetragenen Edelmetallen. Bereits 3000 Jahre vor Chr. konnte Silber von Blei getrennt, Silberschmuck und Münzen hergestellt werden. Angefangen bei ganz einfachen Schmuckstücken für Kinder, über elegante mit Edelsteinen besetzte Colliers, bis hin zum aktuellen Gothic Style, Silberschmuck ist in allen Variationen möglich - Ketten, Ringe, Ohrringe, Creolen, Arm- und Fußschmuck, Broschen, Anhänger, Kopfschmuck und trendige Piercings. Viele Edelsteine harmonieren besonders gut mit Silber, z. B. Onyx oder Perlmutt. Silber kann z. B. glänzend, gebürstet oder mattiert verarbeitet werden. Gerade die Männerwelt schätzt die schlichte Eleganz des Silberschmucks. Schmuckdesigner und Schmuckmanufakturen verwenden Silber nicht nur wegen seiner sagenhaften Lichtreflexion, sondern auch wegen hervorragenden Verarbeitungseigenschaften. Außerdem ist der Luxus eines Silberschmuckstücks, gerade im Vergleich mit anderen Edelmetallen, durchaus erschwinglich. Der niedrige Preis ist jedoch Segen und Fluch zugleich! Aufgrund dieses niedrigen Preises wird Silberschmuck häufig als Massenware produziert und das gleiche Silberschmuckstück hundertausendfach verkauft. Gerade im Internet findet man eine große Auswahl an Shops, die Silberschmuck zum Kauf anbieten. Leider handelt es sich dabei häufig um die ewig gleiche, als Massenprodukt hergestellte Ware. Das muss nicht sein! Silberschmuck ist auch als handgefertigte Designerware durchaus erschwinglich. Einige wenige Onlineshops verkaufen lieber ""Klasse statt Masse""; exklusive und innovative Silberschmuckstücke, die viel Freude bereiten. Neben Silberschmuck hat sich gerade bei jungen Menschen wieder die Wunsch nach günstigen Trauringen durchgesetzt. Gründe hierfür sind der extrem günstige Preis und die Hautverträglichkeit. Es können also auch Menschen mit Hautunverträglichkeit gegenüber bestimmten Materialien diesen Schmuck auf der Haut tragen. Im Bereich Schmuck nehmen die Ringe eine besondere Stellung ein. Diese haben auch verschiedene Bedeutungen, zum einen sind sie ein Schmuckstück, zum anderen trägt man sie als Zeichen der Verbundenheit und Zuneigung in seiner Beziehung zum Partner. Hier können Sie Ihren hochwertigen Schmuck kaufen-Schmuck verkaufen. Neue Artikel Armreif ""Gegens�tze"" Dieser Armreif ist wahlweise in glänzend/gebürstet oder vollständig glänzend erhältlich! 119,90 EUR incl. 19 % MwSt exkl.VersandkostenVersandkosten Kostenlose Geschenkverpackung Nutzen Sie unseren kostenlosen Geschenklverpackungsservice! 0,00 EUR incl. 19 % MwSt exkl.VersandkostenVersandkosten Halsreif geb�rstet Schlichter, offener Halsreif mit gebürsteter Oberfläche. 99,90 EUR incl. 19 % MwSt exkl.VersandkostenVersandkosten Silberring ""Rondo"" Zeitloser und dabei zeitgerechter Silberring für viele Gelegenheiten. Dieser Ring wird von Frauen und Männern gleichermaßen gern getragen. 44,90 EUR incl. 19 % MwSt exkl.VersandkostenVersandkosten Silberanh�nger ""Aztekenkalender"" Der Aztekenkalender als Silberanhänger/-amulette. 54,50 EUR incl. 19 % MwSt exkl.VersandkostenVersandkosten Silberring ""Aztekenkalender"" Siegelring mit Aztekenkalender. 78,75 EUR incl. 19 % MwSt exkl.VersandkostenVersandkosten Bandring geh�mmert Schlichter, gehämmerter Bandring für Sie und ihn. 54,00 EUR incl. 19 % MwSt exkl.VersandkostenVersandkosten Kordelring ""New York"" Unisex Kordelring in zwei Varianten, oxidiert oder glänzend. 109,00 EUR incl. 19 % MwSt exkl.VersandkostenVersandkosten Geb�rsteter Halsreifen aus Silber Eleganter, gebürsteter Silberhalsreifen für besondere Anlässe. 229,00 EUR incl. 19 % MwSt exkl.VersandkostenVersandkosten Creolen mit Stecker ""Light"" Glänzende, große Silber-Creolen mit Stecker aus 925 Silber. 111,25 EUR incl. 19 % MwSt exkl.VersandkostenVersandkosten Preisvergleich - Uhren Shop eCommerce Engine © 2006 xt:Commerce ShopsoftwareZertifikat prüfenKäuferschutzbedingungenAlle Bewertungen Impressum Datenschutz+Maximieren×SchließenSehr gut5.00/5.00Zertifizierter ShopZertifikat prüfenKäuferschutzbedingungenAlle Bewertungen Impressum Datenschutz–MinimierenFairsuchungen×KäuferschutzSie können sich nach dem Einkauf für die kostenlose Trusted Shops Mitgliedschaft Basic anmelden, inkl. Käuferschutz bis je 100 € für den aktuellen Einkauf sowie für Ihre weiteren Einkäufe in deutschen Shops mit dem Trusted Shops Gütesiegel.Mit Trusted Shops PLUS (inkl. Garantie) werden Ihre Einkäufe sogar bis je 20.000 € durch den Käuferschutz (inkl. Garantie) abgesichert, für 9,90 € pro Jahr inkl. MwSt. bei einer Mindestvertragslaufzeit von 1 Jahr. Die Absicherungsdauer des Käuferschutzes pro Einkauf beträgt in beiden Fällen 30 Tage.Es gelten die Mitgliedschafts- und Käuferschutzbedingungen.Zertifiziertseit 20.07.2009Käuferschutzbis zu 20.000 €×KundenbewertungenDie Note „Sehr gut“ berechnet sich aus den 5 Trusted Shops Bewertungen der letzten 12 Monate, die im Bewertungsprofil eingesehen werden können.51KundenbewertungenSehr gut5.00/5.0017.04.2017Trotz eines anfänglichen Problems hat Fr. Teltz-Jödicke sich um eine schnelle Lösung bemüht. Man wird gut betreut. Gerne wiederBärbel M01.04.2017Habe mir den Silberring Business II bestellt und bin total begeistert. Er ist wunderschön, ich mag große Silberring und groß ist er definitiv :-) Auch war die Lieferung sehr schnell und Kundenservice wird groß geschrieben Ist schon mein 3ter Silberring von Fairsuchungen.....Und es werden bestimmt noch mehr :o)Ute L04.03.2017DANKE Ich bin super zufrieden - in jeder Hinsicht"
50,feinkost-aus-ungarn.de," Feinkost online kaufen und in Teningen südlich von Stuttgart - Feinkost-aus-Ungarn.de | Spezialitäten Sehr gut4.89/5.00Zertifiziert seit 21.12.2017×Kundenbewertungen JavaScript ist in Ihrem Browser deaktiviert. Aktivieren Sie JavaScript, um alle Funktionen des Shops nutzen und alle Inhalte sehen zu können. Kontakt weitere Vertriebskanäle Facebook Job Wiederverkäufer Ladengeschäft Kundenlogin Merkzettel Warenkorb Ungarischer Knoblauch cornus Pálinka ORSI 1982 chocoMe M-Gabitészta Kft. Italienischer Käse Kaffee- CHAQWA Aktions-Angebote % Chili-Trade Eingelegtes Feinkost aus Ungarn® Gutscheine Gyulahús Haushaltswaren Mangalica Produkte Pálinka Pick Szeged Zrt. REX Ciborum Süßwaren Szaloncukor Bonbonetti Teigwaren Tokajer Essig Tokaji Traubisoda Wildspezialitäten aus Ungarn ZWACK Unicum Univer Zrt. BIOMED Kft. Kotányi Sonstiges Go Startseite Ihr Warenkorb keine Produkte www.Feinkost-aus-Ungarn.de ® | Import-Vertrieb und Grosshandel von Ungarischen Erzeugnissen Ihre Adresse für ungarische Feinkost-Spezialitäten! Sie finden uns südlich von Stuttgart nahe Freiburg - Gemeinde Teningen Wenn Sie ungarische Spezialitäten lieben oder kennenlernen möchten, kommen Sie bei uns voll auf Ihre Kosten. In unserem Onlineshop präsentieren wir Ihnen eine reichhaltige Auswahl an landestypischen Delikatessen sowie zahlreiche NATURSTAR® Heilprodukte und heilpflanzliche Cremes von BIOMED®. Kaufen Sie original Spezialitäten aus Ungarn zum günstigen Preis. Besuchen Sie auch unser Feinkost-Ladengeschäft in Teningen, südlich von Stuttgart nahe Freiburg! Telefonische Anfrage Sollten Sie telefonisch mit uns in Kontakt treten wollen, dann wählen Sie bitte folgende Rufnummer für Fragen zum Onlineshop (Bestellaufgabe, Lieferstatus, Benutzerkonto etc.): HOTLINE (+49) 07641-9626690 +49 (0)152-32057161 (Anruf in das deutsche Festnetz, Kosten variieren je nach Anbieter). Wir sind für Sie da - 8:00-20:00 UHR ! Genießen Sie ungarische Salami und viele andere Spezialitäten! In unserem Online-Shop erhalten Sie köstliche original ungarische Spezialitäten, mit denen Sie den herzhaften Genuss und den charakteristischen Geschmack der Küche Ungarns erleben. Sollten Sie diese Gaumenfreude noch nicht genossen haben, müssen Sie unbedingt original ungarische Salami probieren. Seit dem Jahr 1869 stellt die PICK Szeged Rt. in Szegedin die traditionelle Dauerwurst her. PICK Salami ist ein weltbekanntes kulinarisches Schmankerl, das Sie sich nicht entgehen lassen dürfen. Wer einmal auf den Geschmack gekommen ist, wird immer wieder gerne zugreifen. Besuchen Sie unser Ladengeschäft in Teningen » Neben tollen Gewürzen von Kótanyi, hochwertigen Teigwaren von Gyermelyi, pikanten Wurstspezialitäten von Gyulahús und anderen ausgewählter Feinkost darf natürlich auch das Nationalgetränk der Ungarn nicht fehlen: der einzigartige ZWACK UNICUM Kräuterlikör, für dessen Herstellung mehr als 40 Heilkräuter verwendet werden. Lassen Sie sich diesen Kulttrunk und viele weitere Leckerbissen munden! Wir bieten Ihnen kulinarische Köstlichkeiten in großer Vielfalt an: Würstchen, Grieben und Bauchspeck vom Mangalitza Schwein Gänseleber-Pasteten in unterschiedlichen Varianten von REX-CIBORUM Paprika-Paste, weitere Gewürze und vieles mehr. Möchten Sie Ihre Speisen geschmacksintensiv verfeinern oder Gulasch und andere Gerichte mit markanter ungarischer Note zubereiten, bekommen Sie bei uns ebenso die bekannten Würzpasten Erös Pista (scharf), Èdes Anna (mild) und Piros Arany in unterschiedlichen Schärfegraden. Ungarisches Paprikapulver sorgt beim Kochen für ein herrlich pikantes Aroma. Unsere Empfehlungen M-Gabitészta | Hosszú cérnametélt |... 3,99 EUR 15,96 EUR pro Kg Fütyülös Mezes Malna alk: 30% 0,5L 15,79 EUR 31,58 EUR pro liter Fütyülös Mezes Bodaza alk: 30% 0,5L |... 15,59 EUR 31,18 EUR pro liter KOTÁNYI Apfelstrudel Gew.Zub. - Dose... 5,49 EUR 13,73 EUR pro g KOTÁNYI Bio Apfel Balsamessig... 9,99 EUR 19,98 EUR pro liter PICK | Mangalica pároskolbász 200g 6,19 EUR 30,95 EUR pro Kg KOTÁNYI Pfeffermühle wiederbefüllbar 40g 12,99 EUR 12,99 EUR pro stück Ungarische Salami PICK Orig. ung.... 18,99 EUR 23,74 EUR pro Kg Univer | Zwiebelcreme 160g Tube 2,09 EUR 13,06 EUR pro Kg M-Gabitészta | Nagy kézi csiga |... 3,99 EUR 15,96 EUR pro Kg Kotanyi Mühle grob/fein... 2,99 EUR 74,75 EUR pro Kg Theisser Fischsuppe 400g 4,29 EUR 10,73 EUR pro Kg Tokajer Balsamessig... 15,99 EUR 63,96 EUR pro liter Gyuali Ungarische Salami | Pokol... 7,99 EUR 22,83 EUR pro Kg Ungarn Paket ""STARTER""... 24,99 EUR 24,99 EUR pro stück Ungarisches Küchen SET | 2x... 14,99 EUR 14,99 EUR pro stück CHILI TRADE | Paprikapulver im... 3,99 EUR 39,90 EUR pro Kg Dr. Oetker Expressz Élesztö |... 1,99 EUR 0,06 EUR pro g GYULAER HAUSMACHER PAPRIKA SALAMI |... 17,39 EUR 28,98 EUR pro Kg Bonbonetti Drazsé 70g | Duna Kavics Nur 1,89 EUR 27,00 EUR pro Kg Gusseisene Grill Scheibe 45 cm |... 17,99 EUR 17,99 EUR pro stück Tálaló bogrács Kessel Servierset 3... 11,99 EUR 11,99 EUR pro stück Parmigiano Reggiano Di Montagna... 7,99 EUR 26,63 EUR pro Kg ChocoMe | Avola Mandeln mit... 10,99 EUR 91,58 EUR pro Kg ChocoMe | Gefriergetrocknete Himbeere... 9,99 EUR 99,90 EUR pro Kg Gyulai Leberwurst mit wurstgewürzen 120g 1,09 EUR 9,08 EUR pro Kg ChocoMe | Entrée weisse Schokolade... 8,99 EUR 89,90 EUR pro Kg Tokajer Balsamessig... 15,99 EUR 63,96 EUR pro liter Kotanyi Pfeffer schwarz 36 g in Mühle... 2,59 EUR 71,94 EUR pro Kg HA Vito plusz 250g - Gewürzmischung... Nur 2,00 EUR 8,00 EUR pro Kg CHILI TRADE | Édes Piros mild 210g 2,79 EUR 13,29 EUR pro Kg REX CIBORUM Gänseleber Paté mit... 2,99 EUR 59,80 EUR pro Kg REX CIBORUM | Gänseleber mousse mit... 2,99 EUR 59,80 EUR pro Kg REX CIBORUM | Gänseleber Mousse... 2,99 EUR 59,80 EUR pro Kg Tokajer Balsamessig QUITTE 250ml 15,99 EUR 63,96 EUR pro liter PICKSTICK Ungarischer Snack Mild 60g... 1,79 EUR 29,83 EUR pro Kg PICKSTICK Ungarischer Snack Pikant... 1,79 EUR 29,83 EUR pro Kg Unicum Szilva (Pflaume) - ZWACK... 27,99 EUR 27,99 EUR pro stück CORNUS | vilmoskörte pálinka |... 30,99 EUR 61,98 EUR pro liter CORNUS | Juhfark szölö pálinka |... 30,99 EUR 61,98 EUR pro liter ChocoMe | Entrée 100g ""Syrah... Nur 8,09 EUR 80,90 EUR pro Kg HA | Gewürzmix für ungarisches Fasírt... 0,99 EUR 30,00 EUR pro Kg Mangalitza | Rückenlachs mit... 6,09 EUR 76,13 EUR pro Kg 10er SET Kotanyi Curry Mischung 45 g... 23,99 EUR 53,31 EUR pro Kg Kotanyi Curry Mischung 45 g in Mühle... 2,49 EUR 55,33 EUR pro Kg Noszlopi | Unokaimnak - Für meine... 2,99 EUR 8,54 EUR pro Kg M-Gabitészta | Kézi tarhonya |... 3,99 EUR 15,96 EUR pro Kg Noszlopi | Lányomnak - Für meine... 3,99 EUR 11,40 EUR pro Kg Kotányi Meersalz mit Chili &... 2,99 EUR 41,53 EUR pro Kg Maggi | Halászlé kocka 100g -... 4,99 EUR 49,90 EUR pro Kg HA | Gulasch Gewürzmischung 80g 1,99 EUR 24,88 EUR pro g Kotanyi Mühle grob/fein Pfeffer Bunt 35g 2,99 EUR 85,43 EUR pro g PANNON-TOKAJI | Tokaji Szamorodni... 12,49 EUR 24,98 EUR pro liter Pannon Tokaji | Tokajer Hárslevelű... 7,29 EUR 9,72 EUR pro liter Schmalz Natur vom Mangalitza... 8,99 EUR 11,99 EUR pro Kg CHILI TRADE | Paprikapulver im... 19,99 EUR 19,99 EUR pro Kg M-Gabitészta | Eperlevél |... 3,99 EUR 15,96 EUR pro Kg M-Gabitészta | Fodros nagykocka | mit... 3,49 EUR 13,96 EUR pro Kg Reh Kolbasz aus Ungarn | ohne... 8,49 EUR 21,23 EUR pro Kg Hirsch Kolbasz aus Ungarn | ohne... 8,49 EUR 21,23 EUR pro Kg KOTÁNYI GRill ""Barbecue""... 1,99 EUR 24,88 EUR pro Kg Pokoljáró - ""EXTRA SCHARFE""... 5,49 EUR 39,21 EUR pro Kg LISZT | Szekszárdi Bikavér 2013 0.75... 7,99 EUR 11,41 EUR pro liter Univer Senf SCHARF 160g | Mustár 1,59 EUR 9,94 EUR pro g Gyulai extra scharfe Paprikawurst 300... 6,99 EUR 23,30 EUR pro Kg Minicat Zizi-Top puffasztott rizs... 2,09 EUR 26,13 EUR pro Kg Gyulai geschnittene Rindersalami 70 g 2,99 EUR 42,71 EUR pro Kg KOTÁNYI Chipotle Smoked Chili 49g 3,99 EUR 0,08 EUR pro g UNIVER | Erös Pista 5 kg - scharfe... 35,99 EUR 7,20 EUR pro Kg Koifutter Basic Mix (Allround)... 47,99 EUR 3,20 EUR pro Kg UNIVER | Mayonnaise mit Meerrettich... 1,79 EUR 11,19 EUR pro Kg M-Gabitészta | Házi... 3,99 EUR 15,96 EUR pro Kg PICK | Echt Ungarische Paprika... 3,99 EUR 22,17 EUR pro Kg PICK | Echt Ungarische Balaton Salami... 3,49 EUR 17,45 EUR pro Kg Chaqwa Kaffee ""Spezial"" 1000 g 18,99 EUR 18,99 EUR pro Kg Chaqwa Kaffee ""Exklusiv""... 19,99 EUR PICK | Echt Ungarischer... 15,99 EUR 11,42 EUR pro Kg UNIVER | Erös Pista 2,6 kg - scharfe... 17,99 EUR 6,92 EUR pro Kg Gutschein 20€ |... 20,00 EUR 20,00 EUR pro stück Gutschein 15€ |... 15,00 EUR 15,00 EUR pro stück Gutschein 50€ |... 50,00 EUR 50,00 EUR pro stück Gutschein 5€ | Feinkost-aus-Ungarn.de... 5,00 EUR 5,00 EUR pro stück Gutschein 10€ |... 10,00 EUR 10,00 EUR pro stück CHAQWA Café Crema, 1000 g |... 17,99 EUR 17,99 EUR pro Kg BORSODI Világos Sör - Ungarisches... 2,95 EUR 5,90 EUR pro liter Delikat Gewürzmischung - 1kg 13,99 EUR 13,99 EUR pro Kg Noszlopi | Kirschpaprika scharf... 5,09 EUR 8,48 EUR pro Kg Edes Anna | Paprikapulver mild/edes... Nur 2,84 EUR Erös Pista | Ungarisches... 3,69 EUR 0,04 EUR pro g NOSZLOPI | Paprika MIX 1000g 9,99 EUR 9,99 EUR pro Kg NOSZLOPI | Ungarische Farben 360g 4,29 EUR 17,88 EUR pro Kg NOSZLOPI | Sauerkirsch-Marmelade 370g 5,99 EUR Unicum Gläser 6er SET... Nur 8,00 EUR 8,00 EUR pro stück Unicum Gläser 6er SET ""Dining... 15,99 EUR 15,99 EUR pro stück Unicum Gläser 6er SET ""Man in... 15,99 EUR 15,99 EUR pro stück Unicum Gläser 6er SET... 15,99 EUR 15,99 EUR pro UNIVER Erös Pista Paprikapulver 100 g... 6,99 EUR 6,99 EUR pro stück Bio Jalapeño paprika | Feinkost aus... Nur 10,79 EUR 13,49 EUR pro Kg Noszlopi | Grüne Tomaten mild... 4,99 EUR 6,93 EUR pro Kg Unicum Shot Gläser (6 Stück im... 16,99 EUR 16,99 EUR pro stück Aluminium Pfanne ""Holz... 12,99 EUR 12,99 EUR pro stück Aluminium Pfanne ""Holz... 12,99 EUR 12,99 EUR pro stück Aluminium Pfanne ""Holz... 12,99 EUR 12,99 EUR pro stück ungarische Bartwichse farblos -... 3,95 EUR 0,49 EUR pro g CHAQWA Espresso 1000 g 18,19 EUR 18,19 EUR pro Kg Univer Majonéz 470g | Ungarische... 5,99 EUR 12,74 EUR pro Kg E-Basecap ""Wir bringen wieder... 15,99 EUR 15,99 EUR pro stück Györi Hástartási Keksz 500g Darált -... 4,49 EUR 8,98 EUR pro Kg Univer Grillcreme... 1,99 EUR 12,44 EUR pro Kg Pannon Tokaj | Tokajer Furmint... 17,49 EUR 7,77 EUR pro liter Pannon Tokaji | Tokajer Hárslevelű... 17,49 EUR 7,77 EUR pro liter Pannon Tokaj | Tokajer Furmint... 6,99 EUR 9,32 EUR pro liter 6 Stk. Ungarische kaltgepresste Öle |... Nur 9,99 EUR 9,99 EUR pro stück CORNUS | Kajszi Barack | Marillen... 30,99 EUR 61,98 EUR pro liter Eiergraupen mit 4 Eiern 500g... 3,79 EUR 7,58 EUR pro Kg Gyulaer Paarwürste 250 g | Gyulai... 4,49 EUR 17,96 EUR pro Kg Erös Pista | 12er-SPAR PACK | Starker... 28,99 EUR 12,08 EUR pro Kg Bauchspeck vom Wollschwein ca. 250g 8,89 EUR 35,56 EUR pro Kg Bauchspeck vom Wollschwein ca. 500g 15,99 EUR 31,98 EUR pro Kg Mangalica Grieben 400g Vakuumverpackt 6,49 EUR 16,23 EUR pro Kg Mangalinis | scharfe würstchen vom... 3,89 EUR 48,63 EUR pro Kg PICK Tourist Salami 400g | Original... 9,19 EUR 22,98 EUR pro Kg Piros Arany Paprikacreme (""Rotes... 2,09 EUR 13,06 EUR pro Kg Piros Arany Paprikacreme (""Rotes... 2,09 EUR 13,06 EUR pro Kg Ungarische Gulaschcreme scharf 160g |... 2,09 EUR 13,06 EUR pro Kg Ungarische Gulaschcreme mild 160g |... 2,09 EUR 13,06 EUR pro Kg Csipös Huszár - scharfe Paprikapaste... 2,89 EUR 13,76 EUR pro Kg PICK Original ungarische Salami -... 28,99 EUR 22,30 EUR pro Kg 4 x PICK Original ungarische Salami -... 111,99 EUR 20,74 EUR pro Kg Unicum 0,7 l Geschenkverpackung |... 25,99 EUR 37,13 EUR pro liter ORSI Gänsefett 200g 3,09 EUR 15,45 EUR pro Kg Csiga | Gyermelyi Nudeln | schnecken... Nur 0,95 EUR 3,80 EUR pro Kg Ungarische Gulaschsuppe... 14,99 EUR 14,99 EUR pro stück Ungarisches Gänseleber Parfait 145g... 26,99 EUR 186,14 EUR pro Kg Original ungarische Paprika-Kolbasz... 17,99 EUR 17,99 EUR pro Kg Zwack Unicum Kräuterlikör 5 liter... 132,00 EUR 26,40 EUR pro liter UNICUM Tablett 8,99 EUR Gyulai | paros kolbasz mild 180g |... 4,49 EUR 24,94 EUR pro Kg Geschenkverpackung | Gyulai... 15,99 EUR Erös Pista Paprikapaste scharf 160g... 24,99 EUR 13,02 EUR pro Kg Erös Pista Paprikapaste scharf 160g... 2,09 EUR 13,06 EUR pro Kg Kalocsai Gulaschcreme mild 160g | von... 2,04 EUR 12,75 EUR pro Kg Kalocsai Gulaschcreme scharf 160g |... 2,39 EUR 14,94 EUR pro Kg Gusseisener Gassbrenner für... 21,99 EUR 21,99 EUR pro stück UNIVER Piros Arany XL Rotes Gold... 3,19 EUR 13,29 EUR pro Kg UNIVER Piros Arany XL Rotes Gold MILD... 3,19 EUR 13,29 EUR pro Kg Univer Gulaschcreme ""mild""... 3,09 EUR 12,88 EUR pro Kg Univer Gulaschcreme... 3,09 EUR 12,88 EUR pro Kg REX CIBORUM Gänseleber mit Gerösteten... 25,00 EUR 138,89 EUR pro Kg REX CIBORUM Gänseleber mit... 25,00 EUR 138,89 EUR pro Kg Chili Getrockneter scharfer Paprika... 2,99 EUR 59,80 EUR pro Kg REX CIBORUM | Ungarische Gänseleber... 23,99 EUR 239,90 EUR pro Kg CHILI-TRADE | Kalocsai Knoblauchcreme... 2,79 EUR 17,44 EUR pro Kg GYULAER Pokol Kolbász / Höllenwurst... 4,89 EUR 19,56 EUR pro Kg Erös Pista Paprikapaste scharf 200g 2,59 EUR 12,95 EUR pro Kg Gulaschkessel Servier-Set, 3-teilig 13,00 EUR 13,00 EUR pro stück Èdes Anna | UNIVER | Paprikapaste... 2,45 EUR 12,25 EUR pro Kg Kalocsai Paprikacreme mild 160g | von... 2,39 EUR 14,94 EUR pro Kg Kalocsai Paprikacreme scharf 160g |... 2,24 EUR 14,00 EUR pro Kg Paprika-Öl 1x 100ml SCHARF + 1 x... 12,99 EUR 12,99 EUR pro stück Paprika-Öl 1x 100ml MILD + 1 x... 12,99 EUR 12,99 EUR pro stück Gemahlener Gewürzpaprika aus Kalocsa... 3,49 EUR 34,90 EUR pro Kg Gemahlener Gewürzpaprika aus Kalocsa... 3,49 EUR 34,90 EUR pro Kg REX CIBORUM | Ungarische Gänseleber... 19,99 EUR 199,90 EUR pro Erös Pista | 9er-SPAR PACK | Starker... 22,49 EUR 12,49 EUR pro Kg CHILI-TRADE | Paprikakranz... 8,99 EUR 56,19 EUR pro Kg Erös Pista | 6er-SPAR PACK | Starker... 14,69 EUR 12,24 EUR pro Kg ZWACK Unicum Kräuter-Likör aus Ungarn... 17,39 EUR 24,84 EUR pro liter Ungarische Knoblauchcreme 160g | UNIVER 3,09 EUR 19,31 EUR pro Kg Gyulai Pároskolbász 1000g | GYULAER... 19,99 EUR 19,99 EUR pro Kg Märchennudeln aus Hartweizen 250 g... Nur 1,30 EUR 5,20 EUR pro Kg Gyulai Lángolt Kolbasz 1000g |... 18,49 EUR 18,49 EUR pro Kg BIOMED | Echte Lavendel Creme 70 g Nur 1,60 EUR 22,86 EUR pro Kg Puszta Barack >Ungarischer... 16,99 EUR 24,27 EUR pro liter Univer Haragos PISTA - 4x stärker als... 5,29 EUR 35,27 EUR pro Kg Nagykocka - Grosser Würfel mit 4... 2,99 EUR 5,98 EUR pro Kg VITA PASTA - Fodros kocka - Fleckerl... 3,19 EUR 6,38 EUR pro Kg Univer Grillcreme 160g | Genießer... 7,59 EUR 11,86 EUR pro Kg Univer Grillcreme... 1,99 EUR Univer Grillcreme... 1,99 EUR Kotányi Zimt Zucker 37 g | Gewürzmühle 2,89 EUR 78,11 EUR pro Kg Kotányi Chili Mix scharf mit Meersalz... 3,19 EUR 93,82 EUR pro Kg Kotányi Meersalz jodiert 92 g in... 2,89 EUR 31,41 EUR pro Kg Kotányi Grill-Geflügel 80 g |... 2,99 EUR 37,38 EUR pro Kg Univer Grillcreme... 1,99 EUR 12,44 EUR pro Kg Maggi | Pörköltszaft 120g 6,49 EUR 54,08 EUR pro Kg Traubisoda 2 Liter Flasche weis |... 2,79 EUR 1,40 EUR pro liter Fütyülös Pflaumenlikör mit... 16,49 EUR 32,98 EUR pro liter Fütyülös Aprikosen-Palinka alk: 37,5%... 16,49 EUR 32,98 EUR pro liter PICK– 2 x 800g Stange Original... 39,99 EUR 24,99 EUR pro Kg Fütyülös Aprikosenlikör mit... 16,49 EUR 32,98 EUR pro liter Gemahlener Gewürzpaprika aus Kalocsa... 13,99 EUR 55,96 EUR pro Kg TARPA | Bio-Paprikapulver SCHARF 50g 2,59 EUR 51,80 EUR pro Kg TARPA | Bio-Paprikapulver EDELSÜSS 50g 2,49 EUR 49,80 EUR pro Kg CHILI TRADE | Geräucherter Paprika in... 4,99 EUR 99,80 EUR pro Kg CHILI TRADE | Chili-Öl extra Scharf... 9,99 EUR 99,90 EUR pro liter CHILI TRADE | Rotes Geschenk-Paket... 7,99 EUR 7,99 EUR pro stück CHILI TRADE | Rotes Geschenk-Paket... 7,99 EUR 7,99 EUR pro stück Kotányi Knoblauchsalz mit Kräutern 50... 2,79 EUR 55,80 EUR pro Kg Kotányi Chili mit Meersalz 35 g |... 2,79 EUR 79,71 EUR pro Kg Delikat Gewürzmischung 75g 2,09 EUR 27,87 EUR pro Kg Herz Classic-Budapest... 20,99 EUR 20,99 EUR pro stück Herz Classic-Budapest Salami ca. 750g 20,99 EUR 20,99 EUR pro stück KOTÁNYI Ungarischer Premium Paprika... Nur 17,09 EUR 17,09 EUR pro Kg PICK Orig. ungarische Salami -... 16,99 EUR 21,24 EUR pro Kg PICK Original Ungarischer... 2,19 EUR 21,90 EUR pro Kg TARPA | Bio-Aprikosenmus 250g 4,29 EUR 17,16 EUR pro Kg Gemahlener Gewürzpaprika aus Kalocsa... 9,99 EUR 39,96 EUR pro Kg PICK Traditionelle ungarische Paprika... 9,79 EUR 24,48 EUR pro Kg Gemahlener Gewürzpaprika aus Kalocsa... Nur 8,09 EUR 32,36 EUR pro Kg Gyulaer Delikatsalami 350 g 7,49 EUR 21,40 EUR pro Kg Unicum Kräuterlikör 12 x 0,05 l Pack 20,99 EUR 34,98 EUR pro liter Delikat Gewürzmischung - 250g 3,99 EUR 15,96 EUR pro Kg Zwack Unicum Kräuterlikör 5 liter... 169,99 EUR 34,00 EUR pro liter Univer Karikás Pista (zöld) 215g 2,99 EUR 13,91 EUR pro Kg Univer Karikás Pista (piros) 215g... 2,99 EUR 13,91 EUR pro Kg Chili-Trade | Gulaschgewürzpulver aus... 3,99 EUR 39,90 EUR pro Kg Chili-Trade | Gulaschgewürzpulver aus... 3,99 EUR 39,90 EUR pro Kg CHILI TRADE | Paprikapulver im... 19,99 EUR 19,99 EUR pro Kg CHILI TRADE | Paprikapulver im... 3,99 EUR 39,90 EUR pro Kg BIOMED Ringelblumen Creme 60g 3,99 EUR 66,50 EUR pro Kg Edes Anna Paprikapulver 100 g |... 6,99 EUR 6,99 EUR pro stück BIOMED | Rosmarincreme 70g 4,49 EUR 64,14 EUR pro Kg BIOMED | Rosskastaniencreme 60g 3,99 EUR 66,50 EUR pro Kg BIOMED | Echter Beinwell-Creme 60g Nur 6,29 EUR 104,83 EUR pro Kg CHILI-TRADE | Kirschpaprikakranz... 4,99 EUR 4,99 EUR pro stück Eiernudeln mit 4 Eiern Csusza 500g |... 3,79 EUR 7,58 EUR pro Kg Angebote Bonbonetti Csokoládés-Meggyes... Nur 4,55 EUR 13,19 EUR pro Kg Bonbonetti | Nosztalgia Praline mit... Nur 8,99 EUR 25,69 EUR pro Kg Bonbonetti Szaloncukor ""... Nur 4,63 EUR 13,42 EUR pro Kg Szaloncukor | Bonbonetti Mártott... Nur 5,09 EUR 14,75 EUR pro Kg Bonbonetti Drazsé 70g | Duna Kavics Nur 1,89 EUR 27,00 EUR pro Kg BIOMED | Echte Lavendel Creme 70 g Nur 1,60 EUR 22,86 EUR pro Kg Neue Artikel Chaqwa Kaffee ""Exklusiv""... 19,99 EUR PICK | Echt Ungarische Balaton Salami... 3,49 EUR 17,45 EUR pro Kg Chaqwa Kaffee ""Spezial"" 1000 g 18,99 EUR 18,99 EUR pro Kg Inno Rheuma Creme für körperliches Wohlbefinden Doch zu unserem umfangreichen Sortiment gehören nicht nur appetitliche Spezialitäten aus Ungarn. Hier finden Sie auch großartige Erzeugnisse aus Magyarország, mit denen Sie Ihrem Körper etwas Gutes tun können. Inno Rheuma Creme der renommierten Marke NATURSTAR® ist beispielsweise ein erprobtes, durchblutungsförderndes Schmerzmittel, das bei rheumatischen Leiden und bei Muskel- oder Gelenkschmerzen angewendet werden kann. Darüber hinaus führen wir als deutscher Vertriebspartner verschiedene BIOMED® Cremes (Beinwell, Rosskastanie, Rosmarin, Ringelblume, Lavendel) im Programm. Ungarische Lebensmittel und Feinkost liefern wir weltweit Schauen Sie doch mal in unserem Ladengeschäft in Teningen vorbei, wenn Sie sich vorzügliche ungarische Lebensmittel und Feinkost schmecken lassen möchten. Bestellen Sie ungarische Spezialitäten in unserem Online-Shop, die Lieferung erfolgt nicht nur deutschlandweit - ob nach Emmendingen oder Essen (NRW), sondern WELTWEIT: Wir liefern exakt dorthin, wo Sie es wünschen. Sprachen Informationen Impressum Trusted Shops Versand- & Zahlungsbedingungen Widerrufsrecht AGB Privatsphäre und Datenschutz Erweiterte Suche Go Erweiterte Suche Browser-Schnellsuche [info] Kundenbewertungen Schnellkauf Bitte geben Sie die Artikelnummer aus unserem Katalog ein. Go Kundenlogin E-Mail-Adresse Passwort Anmelden Konto erstellen Passwort vergessen? Bestseller 01. Erös Pista Paprikapaste scharf 200g 2,59 EUR 12,95 EUR pro Kg 02. Quark-Riegel | ""Túró Rudi"" Natur 30g 1,09 EUR 36,33 EUR pro Kg 03. Ungarische Knoblauchcreme 160g | UNIVER 3,09 EUR 19,31 EUR pro Kg 04. Èdes Anna | UNIVER | Paprikapaste mild 200g 2,45 EUR 12,25 EUR pro Kg 05. Csipös Huszár - scharfe Paprikapaste 210g | Chili Trade 2,89 EUR 13,76 EUR pro Kg Angebote KOTÁNYI Ungarischer Premium Paprika Delikatess 1kg Nur 17,09 EUR 17,09 EUR pro Kg Sicher zahlen mit PayPal Besucherstatistik 10 Besucher zur Zeit online 261843 Besucher seit dem 25.09.2014 Neue Artikel M-Gabitészta | Fodros nagykocka | mit 8 Eier 250g 3,49 EUR 13,96 EUR pro Kg Hersteller Bitte wählenBIOMED Kft.BonbonettiChili TradeGyermelyi TÉSZT..Gyulahús Kft.Merian FoodsPick SzegedRex CiborumUniver Zrt. Mehr über... Tierpatenschaft Ungarische Steppenrinder Minigolf am Seepark Freiburg Ungarisches Restaurant Ungarischer Abend Kontakt Sitemap Ungarische Low-Carb Produkte Erös Pista -Starker Stephan Szaloncukor Langos PICK szeged Sponsoring VERANSTALTUNGEN Tarhonya - traditionelle Teigware aus Ungarn Ungarischer Paprika ungarische Salami Kundeninformation UPO Unsere Bankverbindung Fremdenführerin in Ungarn Callback Service Seite speichern bei Ausgewählte Top-Bewertungen für www.feinkost-aus-ungarn.de 19.12.17Alles lief prima. Demnächst werde ich meine ungarischen Köstlichkeiten wieder hier bestellen. 19.12.17Meine Frage nach Lagerung wurde nicht ausreichend beantwortet. 12.12.17Keine Reklamation 08.12.17Die Leferung bekommt 5 Sterne. Die Ware kann ich nicht bewerten sie wird verschenkt. Aber optisch schon prima H… 06.12.17Alles bestens 03.12.17sehr schnelle lieferung, alles top 03.12.17Bin Begeistert 02.12.17Alles lief sehr gut 02.12.17Ging superschnell und ist wohlbehalten angekommen. Empfehlenswert. 29.11.17Alles super.93 Bewertungen Onlineshop by Gambio.de © 2016 Sie haben noch keine Artikel in Ihrem Warenkorb. E-Mail Passwort Anmelden Konto erstellen Passwort vergessen? Alle Bewertungen Impressum Datenschutz+Maximieren×SchließenSehr gut4.89/5.00Kunden-bewertungenAlle Bewertungen Impressum Datenschutz–Minimierenfeinkost-aus-ungarn.de×KäuferschutzIn jedem Shop mit dem Trusted Shops Gütesiegel kaufen Sie sicher ein – nicht zuletzt dank unserer Geld-zurück-Garantie. Direkt nach der Bestellung können Sie mit nur einem Klick den aktuellen Einkauf, sowie automatisch alle zukünftigen Einkäufe in Shops mit dem Trusted Shops Gütesiegel, mit bis zu 100,- € kostenlos absichern lassen. Die Absicherungsdauer pro Einkauf beträgt 30 Tage.Es gelten die Mitgliedschafts- und Käuferschutzbedingungen.×KundenbewertungenDie Note „Sehr gut“ berechnet sich aus den 93 Trusted Shops Bewertungen der letzten 12 Monate, die im Bewertungsprofil eingesehen werden können.93KundenbewertungenSehr gut4.89/5.00Hellmut v23.06.2017Sehr gute Qualität der Produkte und schnelle LieferungHanna S21.06.2017Schnelle Lieferung, beste Ware. Sehr zufriedenRudolf G10.08.2017Heute bestellt - morgen geliefert - top Perfekt eingepackt - danke."
51,fischers-lagerhaus.de," Startseite .fb_hidden{position:absolute;top:-10000px;z-index:10001}.fb_reposition{overflow:hidden;position:relative}.fb_invisible{display:none}.fb_reset{background:none;border:0;border-spacing:0;color:#000;cursor:auto;direction:ltr;font-family:""lucida grande"", tahoma, verdana, arial, sans-serif;font-size:11px;font-style:normal;font-variant:normal;font-weight:normal;letter-spacing:normal;line-height:1;margin:0;overflow:visible;padding:0;text-align:left;text-decoration:none;text-indent:0;text-shadow:none;text-transform:none;visibility:visible;white-space:normal;word-spacing:normal}.fb_reset>div{overflow:hidden}.fb_link img{border:none}@keyframes fb_transform{from{opacity:0;transform:scale(.95)}to{opacity:1;transform:scale(1)}}.fb_animate{animation:fb_transform .3s forwards} .fb_dialog{background:rgba(82, 82, 82, .7);position:absolute;top:-10000px;z-index:10001}.fb_reset .fb_dialog_legacy{overflow:visible}.fb_dialog_advanced{padding:10px;-moz-border-radius:8px;-webkit-border-radius:8px;border-radius:8px}.fb_dialog_content{background:#fff;color:#333}.fb_dialog_close_icon{background:url(https://static.xx.fbcdn.net/rsrc.php/v3/yq/r/IE9JII6Z1Ys.png) no-repeat scroll 0 0 transparent;cursor:pointer;display:block;height:15px;position:absolute;right:18px;top:17px;width:15px}.fb_dialog_mobile .fb_dialog_close_icon{top:5px;left:5px;right:auto}.fb_dialog_padding{background-color:transparent;position:absolute;width:1px;z-index:-1}.fb_dialog_close_icon:hover{background:url(https://static.xx.fbcdn.net/rsrc.php/v3/yq/r/IE9JII6Z1Ys.png) no-repeat scroll 0 -15px transparent}.fb_dialog_close_icon:active{background:url(https://static.xx.fbcdn.net/rsrc.php/v3/yq/r/IE9JII6Z1Ys.png) no-repeat scroll 0 -30px transparent}.fb_dialog_loader{background-color:#f6f7f9;border:1px solid #606060;font-size:24px;padding:20px}.fb_dialog_top_left,.fb_dialog_top_right,.fb_dialog_bottom_left,.fb_dialog_bottom_right{height:10px;width:10px;overflow:hidden;position:absolute}.fb_dialog_top_left{background:url(https://static.xx.fbcdn.net/rsrc.php/v3/ye/r/8YeTNIlTZjm.png) no-repeat 0 0;left:-10px;top:-10px}.fb_dialog_top_right{background:url(https://static.xx.fbcdn.net/rsrc.php/v3/ye/r/8YeTNIlTZjm.png) no-repeat 0 -10px;right:-10px;top:-10px}.fb_dialog_bottom_left{background:url(https://static.xx.fbcdn.net/rsrc.php/v3/ye/r/8YeTNIlTZjm.png) no-repeat 0 -20px;bottom:-10px;left:-10px}.fb_dialog_bottom_right{background:url(https://static.xx.fbcdn.net/rsrc.php/v3/ye/r/8YeTNIlTZjm.png) no-repeat 0 -30px;right:-10px;bottom:-10px}.fb_dialog_vert_left,.fb_dialog_vert_right,.fb_dialog_horiz_top,.fb_dialog_horiz_bottom{position:absolute;background:#525252;filter:alpha(opacity=70);opacity:.7}.fb_dialog_vert_left,.fb_dialog_vert_right{width:10px;height:100%}.fb_dialog_vert_left{margin-left:-10px}.fb_dialog_vert_right{right:0;margin-right:-10px}.fb_dialog_horiz_top,.fb_dialog_horiz_bottom{width:100%;height:10px}.fb_dialog_horiz_top{margin-top:-10px}.fb_dialog_horiz_bottom{bottom:0;margin-bottom:-10px}.fb_dialog_iframe{line-height:0}.fb_dialog_content .dialog_title{background:#6d84b4;border:1px solid #365899;color:#fff;font-size:14px;font-weight:bold;margin:0}.fb_dialog_content .dialog_title>span{background:url(https://static.xx.fbcdn.net/rsrc.php/v3/yd/r/Cou7n-nqK52.gif) no-repeat 5px 50%;float:left;padding:5px 0 7px 26px}body.fb_hidden{-webkit-transform:none;height:100%;margin:0;overflow:visible;position:absolute;top:-10000px;left:0;width:100%}.fb_dialog.fb_dialog_mobile.loading{background:url(https://static.xx.fbcdn.net/rsrc.php/v3/ya/r/3rhSv5V8j3o.gif) white no-repeat 50% 50%;min-height:100%;min-width:100%;overflow:hidden;position:absolute;top:0;z-index:10001}.fb_dialog.fb_dialog_mobile.loading.centered{width:auto;height:auto;min-height:initial;min-width:initial;background:none}.fb_dialog.fb_dialog_mobile.loading.centered #fb_dialog_loader_spinner{width:100%}.fb_dialog.fb_dialog_mobile.loading.centered .fb_dialog_content{background:none}.loading.centered #fb_dialog_loader_close{color:#fff;display:block;padding-top:20px;clear:both;font-size:18px}#fb-root #fb_dialog_ipad_overlay{background:rgba(0, 0, 0, .45);position:absolute;bottom:0;left:0;right:0;top:0;width:100%;min-height:100%;z-index:10000}#fb-root #fb_dialog_ipad_overlay.hidden{display:none}.fb_dialog.fb_dialog_mobile.loading iframe{visibility:hidden}.fb_dialog_content .dialog_header{-webkit-box-shadow:white 0 1px 1px -1px inset;background:-webkit-gradient(linear, 0% 0%, 0% 100%, from(#738ABA), to(#2C4987));border-bottom:1px solid;border-color:#1d4088;color:#fff;font:14px Helvetica, sans-serif;font-weight:bold;text-overflow:ellipsis;text-shadow:rgba(0, 30, 84, .296875) 0 -1px 0;vertical-align:middle;white-space:nowrap}.fb_dialog_content .dialog_header table{-webkit-font-smoothing:subpixel-antialiased;height:43px;width:100%}.fb_dialog_content .dialog_header td.header_left{font-size:12px;padding-left:5px;vertical-align:middle;width:60px}.fb_dialog_content .dialog_header td.header_right{font-size:12px;padding-right:5px;vertical-align:middle;width:60px}.fb_dialog_content .touchable_button{background:-webkit-gradient(linear, 0% 0%, 0% 100%, from(#4966A6), color-stop(.5, #355492), to(#2A4887));border:1px solid #29487d;-webkit-background-clip:padding-box;-webkit-border-radius:3px;-webkit-box-shadow:rgba(0, 0, 0, .117188) 0 1px 1px inset, rgba(255, 255, 255, .167969) 0 1px 0;display:inline-block;margin-top:3px;max-width:85px;line-height:18px;padding:4px 12px;position:relative}.fb_dialog_content .dialog_header .touchable_button input{border:none;background:none;color:#fff;font:12px Helvetica, sans-serif;font-weight:bold;margin:2px -12px;padding:2px 6px 3px 6px;text-shadow:rgba(0, 30, 84, .296875) 0 -1px 0}.fb_dialog_content .dialog_header .header_center{color:#fff;font-size:16px;font-weight:bold;line-height:18px;text-align:center;vertical-align:middle}.fb_dialog_content .dialog_content{background:url(https://static.xx.fbcdn.net/rsrc.php/v3/y9/r/jKEcVPZFk-2.gif) no-repeat 50% 50%;border:1px solid #555;border-bottom:0;border-top:0;height:150px}.fb_dialog_content .dialog_footer{background:#f6f7f9;border:1px solid #555;border-top-color:#ccc;height:40px}#fb_dialog_loader_close{float:left}.fb_dialog.fb_dialog_mobile .fb_dialog_close_button{text-shadow:rgba(0, 30, 84, .296875) 0 -1px 0}.fb_dialog.fb_dialog_mobile .fb_dialog_close_icon{visibility:hidden}#fb_dialog_loader_spinner{animation:rotateSpinner 1.2s linear infinite;background-color:transparent;background-image:url(https://static.xx.fbcdn.net/rsrc.php/v3/yD/r/t-wz8gw1xG1.png);background-repeat:no-repeat;background-position:50% 50%;height:24px;width:24px}@keyframes rotateSpinner{0%{transform:rotate(0deg)}100%{transform:rotate(360deg)}} .fb_iframe_widget{display:inline-block;position:relative}.fb_iframe_widget span{display:inline-block;position:relative;text-align:justify}.fb_iframe_widget iframe{position:absolute}.fb_iframe_widget_fluid_desktop,.fb_iframe_widget_fluid_desktop span,.fb_iframe_widget_fluid_desktop iframe{max-width:100%}.fb_iframe_widget_fluid_desktop iframe{min-width:220px;position:relative}.fb_iframe_widget_lift{z-index:1}.fb_hide_iframes iframe{position:relative;left:-10000px}.fb_iframe_widget_loader{position:relative;display:inline-block}.fb_iframe_widget_fluid{display:inline}.fb_iframe_widget_fluid span{width:100%}.fb_iframe_widget_loader iframe{min-height:32px;z-index:2;zoom:1}.fb_iframe_widget_loader .FB_Loader{background:url(https://static.xx.fbcdn.net/rsrc.php/v3/y9/r/jKEcVPZFk-2.gif) no-repeat;height:32px;width:32px;margin-left:-16px;position:absolute;left:50%;z-index:4} .fb_invisible_flow{display:inherit;height:0;overflow-x:hidden;width:0}.fb_mobile_overlay_active{height:100%;overflow:hidden;position:fixed;width:100%}.fb_shrink_active{opacity:1;transform:scale(1, 1);transition-duration:200ms;transition-timing-function:ease-out}.fb_shrink_active:active{opacity:.5;transform:scale(.75, .75)} JavaScript seem to be disabled in your browser. Sie müssen JavaScript in Ihrem Browser aktivieren, um alle Funktionen in diesem Shop nutzen zu können. Berlin Düsseldorf Erwitte Frankfurt Heidelberg Hürth Kaarst Mannheim Mülheim Münster Neuwied Sindelfingen Singen Trier Witten Wuppertal Navigation Waren und Wohnkultur aus fernen Ländern Gesamten Shop durchsuchen Mein Profil My Profile Mein Warenkorb Shopping basket 0 Mein Warenkorb Sie haben keine Artikel im Warenkorb. Neu Home Themen Factory & Industrial Design (52) Serie Thyssen (1) Serie Landhaus (2) Serie Jarrow (15) Serie Motley (5) Serie Wuhan (4) Serie Seelilie (18) Serie Ornamente (11) Serie Sukomvit (7) Serie Beauvais (9) Serie Telford (6) Serie Asia (3) Serie ABC (0) Serie Sharina (6) Serie Mansfield (5) Serie Hove (10) Serie Primitif (8) Serie Palisander (23) Serie Shutter (3) Serie Carlo (4) Serie Canasta (6) Serie Clayton (9) Serie Luggage (12) Serie Dolce Vita (0) Bunte Schubladenschränke (8) Serie Ambon (7) Serie Berk & Claidt (8) Serie Wackwolf (4) Serie Sveg (0) Serie Retro (4) Serie Derben (4) Möbel Schränke (48) Tische (137) Sitzmöbel (141) Sideboards (48) Kommoden & Anrichten (46) Regale (21) Betten & Raumteiler (15) Truhen (15) Möbelpflege (5) Garten Gartenmöbel (75) Pflanzgefäße (76) Rankgitter (22) Steckeisen (13) Gartenaccessoires (120) Wohndekoration Möbelknöpfe & Mehr (139) Figuren & Skulpturen (127) Aufbewahrung (320) Bilderrahmen & Bilder (20) Wandregale & Regalwinkel (14) Wandhaken (76) Spiegel (12) Uhren (6) Tischdekoration (182) Kunstpflanzen (14) Accessoires (257) Wohntextilien Kissen (141) Kissenhüllen (108) Tagesdecken (27) Vorhänge (3) Tischläufer (64) Accessoires (3) Teppiche (39) Küche Geschirr (113) Mörser (8) Tajines (1) Tabletts (18) Textilien (11) Fliesen (124) Accessoires (83) Untersetzer (17) Leuchten & Laternen Leuchten (61) Laternen (120) Lichterketten (27) Windlichter (85) Kerzen- & Teelichthalter (67) Kleidung & Schmuck Taschen (209) Schmuck (162) Accessoires (65) Bekleidung (149) Bad & Wellness Beautyprodukte (35) Flakons (2) Klangschalen & Zubehör (29) Klangschalen Räucherstäbchen & Zubehör (54) Wellness (1) Geschenkideen Geschenkgutscheine (6) Termine Seecontainer AKTUELL DEMNÄCHST BEREITS EINGETROFFEN Unser Katalog 2016/2017 Fischer's Lagerhaus | Waren und Wohnkultur aus fernen Ländern Leuchten & Laternen Kissenhüllen Sitzmöbel INDIEN | SA, 06. Jan. 2018 Sa. 13.01.2018 in Sindelfingen, Singen, Heidelberg, Mannheim Eine große Lieferung mit vielen Seecontainern trifft ein.  Einzigartige Möbelstücke und neue landestypische Accessoires. Exklusiv an unseren 16 Standorten erhältlich, kommen und stöbern Sie! Aktueller Container Samstag 06.01. INDIEN Geschenkideen Geschenkgutscheine Geschenkideen bis 20€ Geschenkideen bis 40€ Kundenstimmen 20.12.2017 07:12 Meinung des Kunden Alles bestens, gerne wieder. Sehr gut 20.12.2017 02:12 Meinung des Kunden Das Paket ist heute eingetroffen, die lange Lieferzeit lag an den Schwierigkeiten bei DHL. Sehr gut 20.12.2017 10:12 Meinung des Kunden Prompte Lieferung Reibungsloser Ablauf Immer wieder gerne Sehr gut Über fischer's lagerhaus Sie finden uns in ... Unser Katalog 2017/2018 Aktuelle Möbelauktionen Unsere Einkaufsländer Fischer's Lagerhaus Unternehmen Philosophie Unsere Einkaufsländer Unser Katalog Stellenangebote Neue Standorte gesucht Presse Unser Katalog 2016/2017 Unsere Standorte Berlin Düsseldorf Erwitte Frankfurt Heidelberg Hürth Kaarst Mannheim Mülheim a. d. Ruhr Münster Neuwied Sindelfingen Singen Trier Witten Wuppertal Aktions-Termine unserer Shops Möbelauktionen in unseren Shops Kundenservice (Onlineshop) Kontakt AGB Widerruf Datenschutz Impressum Häufig gestellte Fragen Sitemap Bestellung (Onlineshop) Status & Nachverfolgung Versand & Lieferung Bestellvorgang Retoure Zahlungsarten Newsletter abonnieren Erfahren Sie von Container-Ankündigungen und weiteren Neuigkeiten! E-Mail Adresse Abonnieren Social Media Auf unserer Facebookseite erfahren Sie von neuen Produkten, Angeboten und Aktionen. Kundenservice Bei Fragen zu Ihrer Online-Bestellung erreichen Sie uns per E-Mail kontakt@fischers-versandhandel.de sowie von Montag bis Freitag zwischen 10.00 und 16.00 telefonisch unter +49 (0) 2158 6998 996. Allgemeine Anfragen zu unserem Unternehmen oder Produkten senden Sie bitte an info@fischers-lagerhaus.de. Die Telefonnummern der einzelnen Standorte finden Sie hier Nach oben "
52,fitreisen.de," Fit Reisen - Ihr Experte für Ayurvedareisen, Kurreisen & Wellnesswochenenden Menu Kontakt Service Service Ratgeber Gutschein bestellen Blog Karriere Pressebereich Wichtige Informationen Häufige Fragen Kurzuschuss Präventionszuschuss Reisehinweise Fit Reisebedingungen Anreise Katalog Kataloge Fit Reisen Online Kataloge Katalogbestellung Kunden Katalogbestellung Agenturen Partner werden Partner werden Hotel-Partner Reisebüro-Partner Online Partner Krankenkassen-Partner Yoga-Seminar-Partner Log in Log in Meine Angebote ansehen Meine Kundendaten Meine Agenturdaten Merkzettel Merkzettel ×Es befinden sich keine Hotels auf Ihrem Merkzettel. ×Deutschfitreisen.deDeutschlandÖsterreichSchweizEnglishspadreams.comAustraliaCanadaHong KongIndiaIrelandIsraelJapanKuwaitNew ZealandOmanQatarSaudi ArabiaSingaporeSouth AfricaSouth KoreaSri LankaUAEUnited KingdomUSAEspañolspadreams.esArgentinaPerúChileEspañaMéxicoFrançaisspadreams.frBelgiqueSuisseCanadaFranceLuxembourgItalianospadreams.itItaliaNederlandsspadreams.nlNederlandBelgiëPolskispadreams.plPolskaSvenskaspadreams.seSverigeРусскийspa-oteli.ruРоссияЭстонияЛатвияЛитва EUREUR ×AUD Australische Dollar£ Britische Pfund€ EuroPLN Polnische ZlottiRUB Russische RubelSEK Schwedische KronenCHF Schweizer FrankenUS$ US DollarCNY Yuan Renminbi Reisethemen Ayurveda Beliebteste Themen Ayurveda Reisen Übersicht Ayurveda Urlaub Authentisches Ayurveda Ayurveda ""Light"" Weitere Ayurveda-Angebote Ayurveda Sonderangebote Ayurveda in Luxushotels Ayurveda Medizin/Heilkur Ayurveda Schwerpunkte Ayurveda Panchakarma Kur Ayurveda Regeneration Ayurveda zum Abnehmen Ayurveda Anti Stress Ayurveda Anti-Aging Beliebteste Reiseziele Ayurveda in Sri Lanka Ayurveda in Indien Ayurveda in Kerala Ayurveda im Himalaya Ayurveda in Thailand & Bali Ayurveda in Europa Ayurveda in Deutschland Ayurveda in Spanien Ayurveda Mallorca Ayurveda auf Madeira Ayurveda in Italien Yoga Beliebteste Themen Yoga Übersicht Yoga Urlaub Yoga Wochenende & Kurzreisen Yoga Rundreisen Yoga Gruppenreisen Beliebteste Reiseziele Yoga Urlaub in Thailand Yoga Urlaub in Indien Yoga Urlaub in Sri Lanka Yoga Urlaub in Europa Yoga Urlaub in Deutschland Wellness & Beauty Beliebteste Themen Übersicht Wellness Wellness-Wochenende Wellness Wochenende Deluxe Beauty Wochenende Alle Beauty-Angebote Romantik-Wochenende Romantische Hotels Wellness am Meer Deluxe Spas Wellness mit Hund Wellness All inclusive Mutter Tochter Wellness Sonderangebote Wellness Beliebteste Reiseziele Wellness in Deutschland Wellness an der Ostsee Wellness an der Nordsee Wellness in NRW Wellness in Bayern Wellness in Österreich Wellness in Polen Wellness in Tschechien Deluxe Spas in Asien Deluxe Spas in Europa Kurz- & Wochenendreisen Beliebteste Themen Wochenenden & Kurzreisen Beauty Wochenenden Romantik Wochenenden Wellness Wochenenden Yoga Wochenenden Beliebteste Reiseziele Alle Kurzreisen Kurzurlaub in Deutschland Kurzurlaub an der Ostsee Kurzurlaub an der Nordsee Kurzurlaub im Schwarzwald Kurzurlaub in Bayern Kurzurlaub in Österreich Kurzurlaub in Tschechien Kurzurlaub in Italien Ernährung & Fasten Beliebteste Themen Übersicht Fasten & Abnehmen Abnehmen im Urlaub Abnehmen mit Ayurveda Detox & Entgiften Fastenkuren Fasten Gruppenreisen F.X. Mayr Kur Heilfasten Heilfasten nach Buchinger Schrothkuren Sonderangebote Abnehmen Beliebteste Reiseziele Abnehmen am Meer Detox in Thailand Fasten in Deutschland Schrothkur in Oberstaufen Kuren BeliebtesteThemen Übersicht Kuren Kururlaub Fangokuren Heil- & Thermalkuren Klimakuren Kneippkuren Moor- & Heilschlammkuren Radon- & Schwefelkuren Rückenkuren Schnupperkuren Thalassokuren Ambulante Kuren Sonderangebote Kuren Beliebteste Reiseziele Kuren in Deutschland Kuren in Tschechien Kuren in Ungarn Kuren in Polen Fangokuren in Italien Klimakuren am Toten Meer Indikationen Indikationen Übersicht Indikationen Adipositas Kuren Allergien Anti-Aging- & Verjüngungskur Atemwege / Asthma Bandscheiben / Wirbelsäule Bluthochdruck Burn-Out / Depression Diabetes Gelenkerkrankungen Frauenleiden / Urologie Indikationen Herz / Gefäße / Kreislauf Krebs-Rehabilitation Migräne Nerven / Neurologie Neurodermitis / Psoriasis Nieren / Harnwege Osteoporose / Knochen Rheuma Rückenschmerzen Magen / Darm Stoffwechselstörungen Stress / Erschöpfung Gesundheitsreisen Beliebteste Themen Übersicht Gesundheitsreisen Medical Wellness Thermal-Urlaub Schnupperkuren Reisen mit Präventionszuschuss TCM - Traditionelle Chinesische Medizin Anti Stress Training Burnout Prävention Coaching & Check-ups Bootcamp Urlaub Fit & Aktiv Beliebteste Themen Übersicht Fit & Aktiv Bootcamp Urlaub Fitness Wellness Urlaub Nordic Walking Urlaub Pilates Urlaub Wandern im Urlaub Yoga Urlaub Rundreisen Rundreisen Asien Sri Lanka: Active Tour Sri Lanka: Ayurveda Rundreise Sri Lanka: Ceylon Wellness Sri Lanka: Goldenes Dreieck Sri Lanka: Höhepunkte & mehr Sri Lanka: Kandy & Sigiriya Sri Lanka: Ratnaloka Tour Inns Sri Lanka: Transfer Rundreise Rundreisen Asien Übersicht Rundreisen Indien: Backwaters Hautnah Indien: Goldenes Dreieck Indien: Kerala Intensiv Indien: Kulturreise Südindien Indien: Yoga im Himalaya Nepal: Höhepunkte des Landes Rundreisen Naher Osten/ Afrika Jordanien: Petra & Wadi Rum Gruppenreisen Beliebteste Themen Übersicht Gruppenreisen Fasten Gruppenreisen Yoga Gruppenreisen Urlaub über die Feiertage Beliebteste Themen Übersicht Feiertage Valentinstag Ostern Erster Mai Christi Himmelfahrt Fronleichnam Pfingsten Tag der Deutschen Einheit Weihnachten & Silvester Reformationstag & Allerheiligen Besondere Themen Barrierefreie Hotels Bio-Hotels Familienfreundliche Hotels Fit Deluxe Ideal für Alleinreisende Ideal für Golfer Reisen ohne EZ-Zuschlag Roman Thermal Spas of Europe Adults only Reiseziele Übersicht Reiseziele Deutschland Regionen Übersicht Nord- & Ostsee Norddeutschland Berlin / Brandenburg Weserbergland / Teutoburger Wald Westdeutschland Rhön / Spessart Franken / Fichtelgebirge / Sachsen Niederbayern / Bayerischer Wald Alpenvorland Schwarzwald / Schwaben Beliebteste Themen Abnehmen in Deutschland Ayurveda in Deutschland Beauty Wochenende in DE Fasten in Deutschland Kuren in Deutschland Wellness an der Ostsee Wellness in NRW Wellness Wochenende in DE Yoga in Deutschland Westeuropa Länder Übersicht Belgien Frankreich Luxemburg Niederlande Österreich Schweiz Beliebteste Themen Abnehmen in Österreich Gesundheitsurlaub in Österreich Wandern in Österreich Wellness in der Schweiz Wellness in Österreich Südeuropa Länder Übersicht Griechenland Italien Kroatien Portugal Spanien Türkei Zypern Beliebteste Themen Ayurveda in Spanien Detox in Spanien Detox in der Türkei Fango in Italien Fit & Aktiv in Portugal Griechenland: Detox & Abnehmen Thalasso in Spanien Thermalurlaub in Italien Wellness in Italien Wellness in Spanien Yoga in Spanien Osteuropa Länder Übersicht Bulgarien Estland Montenegro Polen Rumänien Slowakei Slowenien Tschechien Ungarn Litauen Beliebteste Themen Heilkuren in Slowenien Heilkuren in der Slowakei Kuren in Polen Kuren in Tschechien Kuren in Ungarn Kurzurlaub Polnische Ostsee Kurzurlaub in Tschechien Medical Wellness in Ungarn Thermalurlaub in Slowenien Thermalurlaub in Ungarn Wellness in Polen Wellness in Tschechien Nordeuropa Länder Übersicht Finnland Naher Osten Länder Übersicht Israel Jordanien Vereinigte Arabische Emirate Beliebteste Themen Kur am Toten Meer in Israel Kur am Toten Meer in Jordanien Wellness am Toten Meer in Israel Wellness Totes Meer Jordanien Rundreise Jordanien Asien Länder Übersicht Indien Indonesien Malaysia Malediven Nepal Sri Lanka Thailand Vietnam Beliebteste Themen Ayurveda in Indien Ayurveda in Sri Lanka Detox in Thailand Wellness in Indonesien Wellness auf den Malediven Wellness in Thailand Yoga auf Bali Yoga in Indien Yoga in Thailand Afrika Länder Übersicht Ägypten Marokko Mauritius Südafrika Tansania Tunesien Beliebteste Themen Entspannung am Roten Meer Thalasso in Tunesien Wellness in Marokko Wellness auf Mauritius Yoga in Marokko Karibik Länder Übersicht St. Lucia St. Vincent Angebote % Deal der Woche Wellness-Sonderangebote Ayurveda-Sonderangebote Kuren-Sonderangebote Abnehm-Sonderangebote Neu bei Fit Reisen Über Fit Reisen Der Experte seit 1975 Unsere Philosophie 10 Gründe für Fit Reisen Fit in der Presse 069 40588588 Beratung und Buchung heute bis 19:00 Uhr (CET) Gesundheits- & Wellnessreisen weltweitEntdecken Sie Ihren Traumurlaub mit Bestpreis-Garantie Erweiterte Suchesuchen 99% Kundenzufriedenheit Bestpreis-Garantie Experten mit über 40 Jahren Erfahrung Individueller Service 99% Kundenzufriedenheit Bestpreis-Garantie Individueller Service 99% Kundenzufriedenheit Bestpreis-Garantie Ayurveda Reisen ab 588 € 441 € Wellness-Wochenenden ab 74 € Yoga Reisen ab 159 € Abnehmen im Urlaub ab 220 € Kuren Endet in 3 Tagen8 Stunden58 Minuten9 SekundenBeginnt inBereits abgelaufen Griechische Erholung ab 425 € 340 € Fasten & Ernährung ab 945 € Fit & Aktiv ab 350 € ★ zum Adventskalender ★ Wellness- und Gesundheitsreisen von Ihrem SpezialistenSich wohlfühlen und gesund bleiben! Unter diesem Motto stehen alle Reiseprogramme von Fit Reisen, Ihrem Wellness- und Gesundheitsspezialisten. Stöbern Sie doch ein Wenig in unserer großartigen Angebots-Palette. Bei über 5.000 Angeboten in 50 Ländern ist bestimmt auch etwas für Ihren Geschmack dabei. Was halten Sie von einem schönen Wellness-Wochenende oder Beauty-Urlaub, bei dem Sie den Urlaubsort, die Programme und die Aufenthaltsdauer bestimmen? Wählen Sie aus einer großen Anzahl von verschiedensten Kurz- und Wochenendreisen für den Kurzurlaub zwischendurch.Sehnen Sie sich mehr nach einem revitalisierenden Ayurveda-Urlaub im geheimnisvollen Indien oder mythischen Sri Lanka? Bei einer klassischen Panchakarma Kur in Indien oder einem meditativen Yoga Urlaub in Thailand haben Sie die Chance Ihre innere Mitte zu finden und die Zeit für sich ganz alleine zu genießen.In der Rubrik Kurreisen und Gesundheit finden Sie nicht nur klassische Heilkuren in Europas Top-Kur-Destinationen, sondern auch Thalasso-Reisen, die klassische Kneipp-Kur oder Fangokur. Für eine nachhaltig verbesserte Ernährung bieten wir Themen wie Trinkkur, Abnehmen im Urlaub, eine Reise in ein F.X. Mayr-Hotel oder Schrothkur-Hotel und viele mehr an.Natürlich kommen auch Aktiv-Reisen mit der gewissen Portion Wellness in unserem Programm nicht zu kurz: Wander-Urlaub im Allgäu - eine Traumkombination, eine Reise in ein Golf-Wellness-Hotel in Italien, ein Nordic-Walking-Urlaub an der Nordseeküste oder eine Fitness-Wellness-Reise in ein eigens darauf spezialisiertes Spa- und Wellnesshotel. Was kann sich das FITness-Herz mehr wünschen? Alle HotelsHervorragend 4,6/5,0 6220 Bewertungen von unseren Kunden 10 Gründe für Fit ReisenGrößte AuswahlBestpreis-Garantie99% KundenzufriedenheitÜber 40 Jahre ErfahrungWir sind die ExpertenIndividueller ServiceBeste QualitätImmer für Sie daSicherheit Ihrer DatenInnovativ & trendbewusst Ihre Experten Unser Team berät sie gerne persönlich: 069 40588588 Oder kontaktieren Sie uns: info@fitreisen.de Unsere Empfehlungen für Sie Hotel Alpino Atlantico Portugal Madeira Caniço de Baixo 4,6 / 5,0 Erholung auf Madeira1 Nacht, Doppelzimmer, Vollpension 86 € Heritance Ayurveda Maha Gedara Sri Lanka Westküste Sri Lanka Beruwela 4,6 / 5,0 ""Ayubowan"" Klassische Ayurvedakur6 Nächte, Doppelzimmer, Vollpension 644 € Ayurveda Paradise Maho Sri Lanka Landesinneres Sri Lanka Yapahuwa 4,7 / 5,0 Klassische Ayurveda-Kur (Panchakarma)7 Nächte, Doppelzimmer, Vollpension 661 € Amandro Villa Sri Lanka Westküste Sri Lanka Beruwela Kleine Kur3 Nächte, Einzelzimmer, Vollpension 321 € Ayurveda-Kuren - Entdecken Sie unsere beliebtesten Resorts Nikki's Nest 4,7 / 5,0Bewertungen unserer Kunden Klassische Ayurvedakur14 Nächte, Doppelzimmer, Vollpension1.008 € 756 € Ypsylon Resort 4,6 / 5,0Bewertungen unserer Kunden Klassische Ayurvedakur - Panchakarma14 Nächte, Doppelzimmer, Vollpension1.364 € 682 € Life Ayurveda Resort 4,3 / 5,0Bewertungen unserer Kunden Klassische Ayurvedakur - intensiv14 Nächte, Doppelzimmer, Vollpension660 € Hotel Alpino Atlantico ★★★★ 4,6 / 5,0Bewertungen unserer Kunden FIT tipp: Ayurveda auf Madeira13 Nächte, Doppelzimmer, Vollpension2.277 € 2.095 € Anjayu Villa 4,6 / 5,0Bewertungen unserer Kunden Klassische Ayurvedakur14 Nächte, Doppelzimmer, Vollpension720 € Indian Forum 4,8 / 5,0Bewertungen unserer Kunden Klassische Ayurvedakur13 Nächte, Doppelzimmer, Vollpension2.080 € Heritance Ayurveda Maha Gedara 4,6 / 5,0Bewertungen unserer Kunden ""Ayubowan"" Klassische Ayurvedakur14 Nächte, Doppelzimmer, Vollpension1.573 € 1.180 € Aramaya Ayurveda Beach Resort 5,0 / 5,0Bewertungen unserer Kunden Klassische Ayurvedakur13 Nächte, Doppelzimmer, Vollpension961 € 865 € Oasis Ayurveda Beach Resort 4,6 / 5,0Bewertungen unserer Kunden Ayurveda Intensivkur13 Nächte, Einzelzimmer, Vollpension1.204 € 1.084 € Luna y Sol Ayurveda Hotel 5,0 / 5,0Bewertungen unserer Kunden Ayurveda Rasayana Kur14 Nächte, Einzelzimmer, Vollpension2.119 € Surya Lanka 4,8 / 5,0Bewertungen unserer Kunden Ayurvedakur - Panchakarma Intensiv13 Nächte, Doppelzimmer, Vollpension2.043 € 1.839 € Zu den Angeboten Zu den Angeboten Wellness - Entdecken Sie unsere beliebtesten Verwöhn-Oasen Marine Hotel ★★★★★ 4,5 / 5,0Bewertungen unserer Kunden Ostsee-Tage3 Nächte, Doppelzimmer, Frühstück74 € centrovital Hotel ★★★★ 4,5 / 5,0Bewertungen unserer Kunden FIT Tipp: Well & Fit Tage2 Nächte, Doppelzimmer, Frühstück105 € Havet Hotel Resort & Spa ★★★★★ 4,5 / 5,0Bewertungen unserer Kunden Entspannung am Meer2 Nächte, Doppelzimmer, Frühstück64 € Radisson Blu Resort Swinoujscie 3,7 / 5,0Bewertungen unserer Kunden Ostsee-Tage2 Nächte, Doppelzimmer, Frühstück70 € Hotel Lambert Medical Spa ★★★★ 4,2 / 5,0Bewertungen unserer Kunden Wellness-Paket2 Nächte, Doppelzimmer, Frühstück71 € SEETELHOTEL Ahlbecker Hof ★★★★★ 4,9 / 5,0Bewertungen unserer Kunden FIT Tipp: Well & Vital am Meer2 Nächte, Doppelzimmer, Frühstück144 € Sand Hotel ★★★★ 4,4 / 5,0Bewertungen unserer Kunden Ostsee-Tage2 Nächte, Doppelzimmer, Frühstück43 € Wellness- und Sporthotel St. Georg ★★★S 4,4 / 5,0Bewertungen unserer Kunden Aktiv Ferien2 Nächte, Doppelzimmer, Frühstück96 € 86 € Grand Lubicz Spa & Wellness ★★★★★ 4,7 / 5,0Bewertungen unserer Kunden Erholungsaufenthalt2 Nächte, Doppelzimmer, Frühstück51 € Carat Golf & Sporthotel ★★★★ Ostsee-Urlaub2 Nächte, Einzelzimmer, Frühstück108 € Kurpark-Hotel Bad Dürkheim ★★★★S 4,6 / 5,0Bewertungen unserer Kunden Wellness-Tage2 Nächte, Doppelzimmer, Frühstück126 € Alle Wellness-Oasen Alle Wellness-Oasen Kuren - Entdecken Sie unsere beliebtesten Gesundheitshotels Kurzentrum Jantar 4,1 / 5,0Bewertungen unserer Kunden Fit Tipp: Heilkur/VP7 Nächte, Doppelzimmer, Vollpension273 € Malteser Klinik von Weckbecker 4,7 / 5,0Bewertungen unserer Kunden FIT Tipp: Heilfasten Classic (7 o. 10 Ü)7 Nächte, Doppelzimmer, Sonderverpflegung945 € Grand Lubicz Spa & Wellness ★★★★★ 4,7 / 5,0Bewertungen unserer Kunden Fit Tipp: Heilkur7 Nächte, Doppelzimmer, Halbpension238 € Kurhaus Max 4,5 / 5,0Bewertungen unserer Kunden Intensivkur7 Nächte, Doppelzimmer, Halbpension186 € Magnat Resort & Spa ★★★ 3,8 / 5,0Bewertungen unserer Kunden Fit Tipp: Wellness & Kururlaub7 Nächte, Einzelzimmer, Halbpension166 € Spa & Kur Hotel Harvey ★★★★ 4,2 / 5,0Bewertungen unserer Kunden Kururlaub7 Nächte, Doppelzimmer, Halbpension385 € Marine Hotel ★★★★★ 4,5 / 5,0Bewertungen unserer Kunden Fit Tipp: Kururlaub & Medical Wellness7 Nächte, Doppelzimmer, Frühstück219 € Sand Hotel ★★★★ 4,4 / 5,0Bewertungen unserer Kunden FIT Tipp: Kururlaub & Medical Wellness7 Nächte, Doppelzimmer, Frühstück201 € Akces Medical Fit & Spa FIT Tipp: Kururlaub & Medical Wellness7 Nächte, Doppelzimmer, Halbpension168 € Mona Lisa Medical Wellness & Spa ★★★P 4,1 / 5,0Bewertungen unserer Kunden Fit Tipp: Heilkur7 Nächte, Einzelzimmer, Halbpension229 € Hotel Lambert Medical Spa ★★★★ 4,2 / 5,0Bewertungen unserer Kunden Intensivkur7 Nächte, Doppelzimmer, Frühstück167 € Zu den Angeboten Zu den Angeboten Yoga-Urlaub - Entdecken Sie unsere beliebtesten Resorts Yoga Vidya 4,5 / 5,0Bewertungen unserer Kunden Yoga Wochenende2 Nächte, Doppelzimmer, Vollpension159 € Kamalaya Wellness Sanctuary & Holistic Spa ★★★★★ 5,0 / 5,0Bewertungen unserer Kunden Wellness & Yoga Deluxe3 Nächte, Doppelzimmer294 € 279 € Paradis Plage Resort ★★★★ 5,0 / 5,0Bewertungen unserer Kunden Yoga Urlaub7 Nächte, Suite, Halbpension931 € 652 € Holiway Garden Resort & Spa ★★★P Yoga-Tage5 Nächte, Doppelzimmer, Halbpension378 € Samahita Retreat YogaCoreCycle3 Nächte, Doppelzimmer, Vollpension415 € 311 € Riad Magellan Yoga & Meditation3 Nächte, Doppelzimmer, Vollpension440 € 396 € Ayii Anargyri ★★★★S Yoga-Urlaub 8 Tage7 Nächte, Doppelzimmer, Vollpension811 € Riad 11 Zitoune Wellness & Yoga3 Nächte, Suite, Halbpension384 € 346 € Finca Pura Vida Yoga & Wandern6 Nächte, Doppelzimmer, Vollpension1.098 € 1.043 € Shreyas Yoga & Ayurveda Retreat Yoga Erlebnis3 Nächte, Doppelzimmer, Vollpension627 € Shanti-Som Wellbeing Retreat ★★★★ 4,3 / 5,0Bewertungen unserer Kunden FIT TIPP: Deluxe Yoga-Woche6 Nächte, Doppelzimmer, Vollpension1.569 € 1.334 € Zu den Angeboten Zu den Angeboten Stellen Sie sich Ihre persönliche Traumreise zusammen Erweiterte Suchesuchen Bekannt aus Unsere Kunden sagenDas war ein super Urlaub, totale Erholung, alle Wünsche wurden erfüllt, super freundliches Personal, tolle Treatments, gutes Essen und gute Sauberkeit, Top Service. Karin M. aus Ederheim Unsere Bewertungen und Zertifizierungen 4.78/5.00318 Bewertungenvon hier, facebook.com Ihre VorteileMit über 5.000 Programmen die größte AuswahlBestpreis-Garantie99% Kundenzufriedenheit40 Jahre Erfahrung Unser VersprechenIndividueller ServiceWir sind die ExpertenBeste QualitätImmer für Sie erreichbar Ausgezeichnete Qualitätgeprüft & zertifiziert durch TÜV Rheinlandausgezeichnet mit dem Trusted Shops Gütesiegel4,7 von 5 Punkten bei ausgezeichnet.dealle Fit Reisen Seiten sind SSL-verschlüsselt Bis zu 60% sparen!Jetzt den kostenlosen Fit Reisen Newsletter erhalten & kein Angebot mehr verpassen. Die Abmeldung ist jederzeit kostenfrei, durch Klick auf den Abmeldelink im Newsletter, möglich. Ihre E-Mail-Adresse Datenschutz Datenschutz akzeptieren Zahlungsarten Rufen Sie uns an 069 40588588 Schreiben Sie uns info@fitreisen.de Hier finden Sie Antworten... Häufige Fragen FIT Gesellschaft für gesundes Reisen mbH, Copyright 1976 - 2017 Presse Reisethemen Hotelübersicht Datenschutz Impressum "
53,fitstore24.com," Fitstore24.com ! Fitness - Sport - Gesundheit - Wellness - Leistungsoptimierung AT: +43 (0) 4852 68866-0* Über uns | Ihr Konto | Anmelden Versandkostenfrei ab 150,- EUR Kauf auf Rechnung möglich Liefer- und Montageservice Lieferung innerhalb weniger Tage 14 Tage RückgaberechtGratis Rückversand Stores in Wien, Villach und Lienz Ihr Warenkorb ist derzeit leer. Radsport Radsport BMC, Scott, Koga, Cube, Haibike und mehr. Vom ""Radler"" bis zum ""Racer"", Jung oder Alt - für jeden ist was dabei. Für jene, die ohne größere Anstrengung eine Bergtour genießen wollen, empfiehlt es sich einen Blick auf unsere Haibikes zu werfen. Rennrad MTB Hardtail MTB Fully Trekkingräder - Cityräder Cyclocross Kinderräder E-Bikes Spezial-Räder Testräder Rollentrainer Radschuhe Fahrradzubehör Fahrradteile Radbekleidung Radhelme Downhill Ausrüstung Ausdauertraining Ausdauertraining Erhöhen Sie Ihre Leistungsfähigkeit im Alltag durch richtiges Training. Eine Stärkung des Imunsystems, beschleunigte Regenerationszeit, verbesserte Durchblutung und weitere positive Eigenschaften sind das Ergebniss eines optimalen Ausdauertrainings. Crosstrainer / Ellipsentrainer Ergometer Heimtrainer Recumbent Bike Indoorcycle Laufbänder Rudergeräte Oberkörper-Ergometer Rollentrainer Stepper Vibrationstraining Fitnessgerätezubehör Krafttraining Krafttraining Krafttraining ist die Basis für einen funktionierenden Körper und einen guten Fettstoffwechsel. Nur Muskeln können Fett verbrennen! Kraftstationen oder Hanteln ermöglichen effektives Ganzkörpertraining welches zusätzlich zur Verbesserung der Optik Ihres Körpers beiträgt. Kraftstationen Bauch- / Rückentrainer Hantelbänke Hanteln / Hantelsets Hantelscheiben Hantelstangen Sonstige Kraftrainingsgeräte Krafttrainingszubehör Muskelstimulation Aerobic/Fitness Aerobic/Fitness Zu den aktuellen Trendsettern gehört zur Zeit auch Group Fitness. Fit und Aktiv zu bleiben hat mittlerweile einen hohen Stellenwert eingenommen und immer mehr Menschen erfreuen sich mit Gleichgesinnten gemeinsam zu schwitzen. Step & core Medizin Bälle / Gym Bälle Seile / Tubes / Springseile Fitnessmatten Balance Trainer Massagegeräte Pilates / Yoga Manschetten & Gewichtswesten Boxsport Sportnahrung Sportuhren Sportuhren Durch das Training in der optimalen Belastungszone wird das Herz- Kreislaufsystem gestärkt, ohne dass es zu einer Überlastung kommt. Pulsuhren, auch als Pulsmesser, Laufcomputer oder Herzfrequenzmesser bekannt, sind Geräte zur Überwachung der Herzfrequenz beim Training oder Freizeitsport. Training Outdoor Zubehör Sport & Spiel Sport & Spiel Hier finden Sie viele verschiedene Produkte zum Thema Sport und Spiel, denn viel Bewegung ist gesund nicht nur für Erwachsene sondern auch für die Kinder. Basketball Darts Indiaca Tischtennis Volleyball Wasserball Trampoline Nordic Walking Infrarotkabinen Infrarotkabinen Infrarotkabinen stellen eine moderne und gesunde Alternative zur herkömmlichen Sauna dar. Die natürliche Kraft der Infrarotwärme entfaltet sich angenehm und wohltuend im menschlichen Körper. In privater Atmosphäre können Sie Vitalität auftanken und entspannen. Infrarotkabinen - 1 Person Infrarotkabinen - 2 Personen Infrarotkabinen - 3 Personen Infrarotkabinen - 4+ Personen Finnische Sauna Relaxstuhl Infrarot - Zubehör Wasserpflege Ausstellungsgeräte Ausstellungsgeräte Wir tauschen unsere Ausstellungsgeräte in regelmäßigen Abständen aus und bieten diese unseren Kunden zu Sonderkoditionen an. Die Geräte dienen ausschließlich zu Vorführzwecken und kann man deshalb als neuwertig bezeichnen. Crosstrainer Ergometer / Heimtrainer Recumbent Bike Laufbänder Rudergeräte Krafttraining Infrarotkabinen Fahrräder Die neue Generation von BMC Zum Artikel! Finnlo Kraftstationen jetzt im ANGEBOT Zum Artikel! Haibike 2018er Modelle schon viele Modelle promt lieferbar! Zum Artikel! Waterrower Rudergeräte sofort lieferbar Zum Artikel! Cube 2018 mit vielen neuen Inovationen Zum Artikel! Die neue Generation von BMC Finnlo Kraftstationen jetzt im ANGEBOT Haibike 2018er Modelle schon viele Modelle promt lieferbar! Waterrower Rudergeräte sofort lieferbar Cube 2018 mit vielen neuen Inovationen Produkt-Highlights Finnlo AUTARK 2200 Kraftstation UVP € 1.599,00 € 1.399,00 Sie sparen 13% inkl. 20 % MwSt. Lieferung frei Haus Zum Artikel! WaterRower Rudergerät Eiche € 1.299,00 inkl. 20 % MwSt. Lieferung frei Haus Zum Artikel! Daum ergo bike 8008 Passion Ergometer UVP € 1.499,00 € 1.399,00 Sie sparen 7% inkl. 20 % MwSt. Lieferung frei Haus Zum Artikel! Scott E-Spark 710 Plus 2017 UVP € 5.799,00 € 4.899,00 Sie sparen 16% inkl. 20 % MwSt. Lieferung frei Haus Zum Artikel! Koga E-Lement Lady 2017 UVP € 3.199,00 € 2.699,00 Sie sparen 16% inkl. 20 % MwSt. Lieferung frei Haus Zum Artikel! BMC Teammachine SLR02 Ultegra Yellow 2017 UVP € 2.999,00 € 2.099,00 Sie sparen 30% inkl. 20 % MwSt. Lieferung frei Haus Zum Artikel! Scott E-Genius 700 Tuned 2018 € 7.199,00 inkl. 20 % MwSt. Lieferung frei Haus Zum Artikel! Haibike SDURO HardNine 4.0 400Wh 9-G Acera 29"" anthra/w/g 2017 UVP € 2.199,00 € 1.999,00 Sie sparen 9% inkl. 20 % MwSt. Lieferung frei Haus Zum Artikel! Herzlich Willkommen bei Fitstore24.comIhrem vielseitigen Shop für Fitnessgeräte, Fahrräder und weitere Sportartikel im Internet. Regelmäßige Bewegung und körperliche Fitness gehören zu den wichtigsten Faktoren für ein gesundes und glückliches Leben. Bei uns finden Sie die passenden Artikel zwischen Radsport, Krafttraining und weiteren Sportarten, verbunden mit attraktiven Preisen und einer großen Erfahrung in Beratung und Verkauf!Vielfältiges Sortiment für Kraft, Fitness und AusdauerRadsport und Fitnessgeräte nehmen in unserem Sortiment die Hauptrolle ein und lassen Sie auf Fahrräder und Trainingsequipment vieler namhafter Hersteller zugreifen. Rennräder, Mountainbikes, E-Bikes, Trekkingräder und Kinderräder finden Sie bei uns ebenso wie funktionelle Rad-Bekleidung und hochwertiges Fahrradzubehör. Für Ihr effektives Indoor-Training finden Sie bei uns alle gängigen Artikel und Geräte wie Crosstrainer, Ergometer, Heimtrainer, Laufbänder, Rudergeräte, Kraftstationen mit denen Sie einen gezielten Muskelaufbau betreiben oder Ihre physische Ausdauer fördern können. Sämtliche Produkte werden Ihnen dabei mit weiterführenden Informationen vorgestellt, unsere Mitarbeiter stehen Ihnen bei ergänzenden Fragen gerne per Telefon oder E-Mail zur Verfügung. Crosstrainer Ergometer Heimtrainer Indoorcycle Vibrationstraining Stepper Liegeergometer Laufbänder Mit Infrarotkabinen und Saunen Muskel und Gelenke entspannenNach einem anspruchsvollen und intensiven Training nehmen Regeneration und Entspannung eine wichtige Rolle ein.Wir von Fitstore24.com gehen hierauf ein und bieten neben unseren Sportartikel hochwertige Infrarotkabinen und Saunen an, mit denen Sie Wärme und Wohlgefühl auf neue Weise erleben können. Das angenehme Gefühl steht Ihnen natürlich nicht nur nach dem Sport offen, sondern verhilft Ihnen in der kalten Jahreszeit dabei, verkrampfte Muskeln zu lösen und körperlich zu entspannen. Kommen Sie einfach auf uns zu wenn Sie eine Beratung für den Kauf einer Infrarotkabine oder Sauna wünschen!Unseren freundlichen Service vor Ort und online erlebenNeben unserem Onlineshop stehen wir Ihnen an unseren drei Standorten in Wien, Lienz und Villach persönlich zur Verfügung. Unseren Kunden aus Österreich und Deutschland steht zudem unsere Hotline offen, um telefonisch von unserer Erfahrung mit Sport- und Fitnessgeräten zu profitieren. Seit 1996 werden wir mit einem professionellen Service in Beratung und Verkauf verbunden, der auch Ihre Begeisterung für den Radsport oder zeitgemäße Fitnessgeräte neu entfachen möchte. Faire Preise und Vorschläge für die Finanzierung Ihrer Fahrräder, Infrarotkabinen & Co. erwarten Sie bei uns ebenfalls und runden unser Serviceangebot für Sie ab! Rennräder Cyclocross Mountainbike MTB-Fully Trekking-Räder City-Räder Kinderräder Elektro-Bikes Information Kontakt Widerrufsrecht Liefer- und Versandkosten Unser Team FAQ Aktuelles Bodyscanning Über Uns Shop Privatsphäre und Datenschutz Unsere AGB Impressum Zahlung 0% Finanzierung Kontakt Telefon AT: +43 (0) 4852 68866-0* Telefon DE: 08007246768 E-Mail: info@zanier.at Geschäftszeiten: Mo-Fr: 9:00 - 12:00, 14:00 - 18:00 Sa: 9:00 - 13:00 Partner-Sites Zahlungsweisen Gütezeichen xt:Commerce 4.2.00 © 2017 xt:Commerce ."
54,fuxtec.de," FUXTEC Gartengeräte Sehr gut4.69/5.00Zertifiziert seit 27.07.2016×Zertifizierter Shop Es wurde festgestellt, dass Cookies in Ihrem Browser deaktiviert sind. Um FUXTEC Gartengeräte in vollem Umfang nutzen zu können, empfehlen wir Ihnen, Cookies in Ihrem Browser zu aktiveren. Um FUXTEC Gartengeräte in vollem Umfang nutzen zu können, empfehlen wir Ihnen Javascript in Ihrem Browser zu aktiveren. Service/Hilfe Login Hilfe Newsletter Versand und Zahlungsbedingungen Merkzettel Fragen zu Ihrer Bestellung?12345-123456789 Täglich 7:30 bis 22:00 Uhr Menü Suchen Suchen Warenkorb 0 0,00 € * HomeGartengeräteAkku GartengeräteHeim & FreizeitGartenpflegeSchutzausrüstungZubehörErsatzteileAngebote & B-Ware Zur Kategorie Gartengeräte Rasenmäher Multitool & Motorsensen Heckenscheren Laubsauger / Laubbläser Kettensägen & Äxte Motorhacke Erdbohrer Rasenpflege & Motorsprüher Stromerzeuger Wintergeräte & Kehrmaschine Wippkreissägen & Holzspalter FUXTEC Profi Serie Zur Kategorie Akku Gartengeräte Akku-Geräte Akkus, Ladegeräte & Zubehör Zur Kategorie Heim & Freizeit Bollerwagen Bollerwagen Zubehör Picknick Heizgeräte Aschesauger Zur Kategorie Gartenpflege Bewässerung Gartenscheren & Co Gerätewagen & Transportmittel Rasensamen Zur Kategorie Schutzausrüstung Anhängerplane Handschuhe Kleidung Kopf.-/ Gesichtschutz Zur Kategorie Zubehör Ackerfräse Erdbohrer Forstzubehör Heckenscheren Kehrmaschine Kettensäge Laubsauger Motorhacke Multitool & Motorsense Öle Rasenmäher Schneefräsen Zur Kategorie Ersatzteile Ackerfräse Bewässerung Bollerwagen Erdbohrer Gasheizer Heckenschere Kehrmaschine Motorsprüher Multitool & Motorsense Kettensägen Laubsauger Rasenmäher Schneefräse Streuwagen / Salzstreuer Stromerzeuger Schneeschaufel Vertikutierer Zur Kategorie Angebote & B-Ware Reduzierte Artikel B-Ware  Menü schließen Kategorien Gartengeräte Akku Gartengeräte Heim & Freizeit Gartenpflege Schutzausrüstung Zubehör Ersatzteile Angebote & B-Ware Gutschein Informationen Login Hilfe Newsletter Versand und Zahlungsbedingungen 1 2 zu den Briggs&Stratton Rasenmähern 1 2 AUSGEZEICHNETDIESE FÜXE! Cleverfüxe FUXTEC Benzin Schneefräse SF140 -9% 199,00 € 219,00 € FUXTEC Bollerwagen FX-BW100 GRAU 119,00 € FX-RM2060PRO Benzin Rasenmäher - Werkzeug des... -33% 299,00 € 449,00 € FUXTEC FX-LBS126 4in1 Laubsauger Laubbläser... -6% 149,00 € 159,90 € FUXTEC FX-MT252ER Multitool 5in1 Benzin... -17% 239,00 € 289,00 € FUXTEC Picknick Korb PK-KF1000 -12% 34,90 € 39,90 € FUXTEC Aluminium Klappstuhl NC-117 grau -28% 35,90 € 49,90 € FUXTEC FX-KS162 Benzin Kettensäge für... -15% 169,00 € 199,00 € FUXTEC 4er Axt Set inklusive Spaltgranate -15% 48,90 € 57,90 € FUXTEC FX-EB152 Erdbohrgerät inkl.... -25% 185,00 € 249,00 € FUXTEC Picknick Rucksack PK-RN1000 -12% 29,90 € 34,00 € FUXTEC FX-MS152 Benzin Motorsense Multitool 2in1 -17% 115,00 € 139,00 € FUXTEC Gartengeräte für schlaue Füchse Schlaue Gartenfüchse kaufen ihre Geräte direkt bei FUXTEC ein, ohne Umwege über Zwischenhändler machen zu müssen. Wer Rasenmäher & Co. preisbewusst online shoppen möchte und außerdem hohe Ansprüche an die Qualität seiner Gartengeräte stellt, der ist im FUXTEC-Onlineshop auf der richtigen Plattform angekommen. Denn mit unseren Geräten produzieren Sie nachweislich keine gefährlichen Abgase. Der TÜV Nord hat im Auftrag der Deutschen Umwelthilfe untersucht, ob die gesetzlich vorgegebenen Emissionsgrenzwerte bei Motorkettensägen und Freischneidern eingehalten werden. Nur vier Marken haben diesen Test bestanden – eine davon war FUXTEC (Detaillierte Ergebnisse finden Sie auf den Seiten der Deutschen Umwelthilfe). Als engagierter Anbieter bemühen wir uns, wirklich alles rund um den Garten im Sortiment zu haben. Neben Geräten bieten wir deshalb auch Produkte für die Gartenpflege an, von Gartenscheren aller Art bis hin zu einer breit gefächerten Auswahl an Rasensamen und auch Freizeitprodukte wie faltbare Bollerwagen und Picknickzubehör. FUXTEC Gartengeräte machen Gärtner glücklich Ein echter Vollblutgärtner ist nur in seinen Beeten glücklich. Um diese perfekt pflegen zu können, braucht er das passende Werkzeug. FUXTEC Gartengeräte verhelfen ihm mit optimalen Ergebnissen zu seinem gärtnerischen Glück. Unsere Rasenmäher sorgen mit einstellbarer Schnitthöhe für einen harmonischen Eindruck im Garten. Die Heckenscheren vervollständigen das gefällige Gesamtbild am Rand mit dem perfekten Schnitt. Und mit unseren Laubbläsern schafft der anspruchsvolle Gärtner auch im Herbst jederzeit Ordnung im Außenbereich. Im Winter kommen Kehrmaschinen und Schneefräsen zum Einsatz und halten den Garten auch in der kalten Jahreszeit top in Schuss. Die Krönung der FUXTEC Gartengeräte Auswahl ist aber die Profi Serie. Diese bedeutet Gartenglück für Profigärtner und solche, die es werden wollen. Kaufen wie ein Profi bei FUXTEC Unser Service beschränkt sich nicht allein auf den Verkauf von Gartengeräten. Wer seinen Garten professionell pflegen möchte, bekommt hier das ganze Programm geboten. In der eigenen Werkstatt repariert das FUXTEC-Team schnell und zuverlässig defekte Geräte. Selbstverständlich stehen im Shop auch Ersatzteile und Zubehör zur Verfügung. FUXTEC garantiert sogar die langfristige Lieferbarkeit der Produkte. Wenn Sie Fragen rund um den Einsatz Ihrer Gartengeräte haben, bekommen Sie an unserer Technik-Hotline jederzeit kompetente Auskunft. Unser Engagement geht jedoch über einen ambitionierten Kundenservice und ein hochwertiges Produktangebot noch hinaus. Im Mitgliedsunternehmen Industrieverband Garten IVG engagieren wir uns für die Weiterentwicklung der Branche im Sinne des Kunden. Ihr perfekter Garten ist unser Bestreben! FUXTEC ist Mitglied im Industrieverband Garten (IVG) Zusammen mit 120 weiteren etablierten Mitgliedsunternehmen setzt sich FUXTEC für die Weiterentwicklung der Gartenbranche im Sinne des Kunde ein.Mehr Informationen zum Industrieverband Garten. Ihre Vorteile mit FUXTEC Gartengeräten Wir verkaufen ohne Zwischenhändler direkt an den Endkunden! Schnelle Lieferung + ab einem Bestellwert von 50€ auch versandkostenfreie Lieferung innerhalb Deutschland's Hotline & Beratung Unsere Versand & Zahlungsmöglichkeiten Vorkasse, Paypal, Rechnungskauf mit BillSAFE oder Bezahlen mit Amazon FUXTEC Produkte sind gelistet bei: FUXTEC FUXTEC Online Shop Keine gefährlichen Abgase bei FUXTEC Gartengeräten Als eine von nur vier Marken hält FUXTEC die vorgegebenen Emissionsgrenzwerte einer Untersuchung von Motorkettensägen und Freischneidern ein. Durchgeführt wurde die Untersuchung vom TÜV NORD im Auftrag der Deutschen Umwelthilfe. Detaillierte Ergebnisse finden Sie auf den Seiten der Deutschen Umwelthilfe. FUXTEC ist Mitglied im Industrieverband Garten (IVG) Zusammen mit 120 weiteren etablierten Mitgliedsunternehmen setzt sich FUXTEC für die Weiterentwicklung der Gartenbranche im Sinne des Kunde ein.Mehr Informationen zum Industrieverband Garten. Ihre Vorteile mit FUXTEC Gartengeräten Wir verkaufen ohne Zwischenhändler direkt an den Endkunden! Schnelle Lieferung Hotline & Beratung Ab einem Bestellwert von 50€ versandkostenfreie Lieferung innerhalb Deutschland's Kein Mindestbestellwert Unsere Versand & Zahlungsmöglichkeiten Vorkasse, Paypal, VISA, Mastercard, Giropay, Rechnungskauf mit BillSAFE, Sofortüberweisung, Barzahlung bei Abholung DHL, GLS oder Spedition Shop Service Hilfe Newsletter Über uns Informationen zum Batteriegesetz Sitemap Informationen Versand und Zahlungsbedingungen Kontakt Datenschutz Widerrufsrecht und -belehrung Allgemeine Geschäftsbedingungen (AGB) Impressum Noch Fragen? Schnell zur FUXTEC-HILFE > Mit Videoanleitungen zu Start oder Montage und Antworten zu den meisten Fragen rund um Deinen FUX. Unsere Versand- & Zahlmöglichkeiten: PayPal, Rechnung/BillSAFE, Vorkasse, Bezahlen mit Amazon Wir liefern per Spedition oder Paketdienst als versichertes Paket! Fuxtec Vorteilswelt Eigene Werkstatt in Deutschland. Repariert zügig und verlässlich Dein FUXTEC-Gerät. Ersatzteile & Zubehör langfristig verfügbar. Langfristige Nutzung Deines FUXTEC-Gerät ist sicher. Technik-Hotline und Kundenservice: Hilft schnell bei allen Fragen rund um Dein FUXTEC-Gerät. Bedienungsanleitungen in Deutsch Einfache Montage und Nutzung Deines FUXTEC Geräts. Einfachste intuitive Geräte-Montage Montage-Anleitungen - teilweise sogar per Video. © FUXTEC GmbH | Herrenberg Gültstein | 2017 Zurück nach oben Zertifikat prüfenKäuferschutzbedingungenAlle Bewertungen Impressum Datenschutz+Maximieren×SchließenSehr gut4.69/5.00Zertifizierter ShopZertifikat prüfenKäuferschutzbedingungenAlle Bewertungen Impressum Datenschutz–Minimierenfuxtec.de×KäuferschutzSie können sich nach dem Einkauf für die kostenlose Trusted Shops Mitgliedschaft Basic anmelden, inkl. Käuferschutz bis je 100 € für den aktuellen Einkauf sowie für Ihre weiteren Einkäufe in deutschen Shops mit dem Trusted Shops Gütesiegel.Mit Trusted Shops PLUS (inkl. Garantie) werden Ihre Einkäufe sogar bis je 20.000 € durch den Käuferschutz (inkl. Garantie) abgesichert, für 9,90 € pro Jahr inkl. MwSt. bei einer Mindestvertragslaufzeit von 1 Jahr. Die Absicherungsdauer des Käuferschutzes pro Einkauf beträgt in beiden Fällen 30 Tage.Es gelten die Mitgliedschafts- und Käuferschutzbedingungen.Zertifiziertseit 27.07.2016Käuferschutzbis zu 20.000 €×KundenbewertungenDie Note „Sehr gut“ berechnet sich aus den 11.643 Trusted Shops Bewertungen der letzten 12 Monate, die im Bewertungsprofil eingesehen werden können.14.417KundenbewertungenSehr gut4.69/5.00Jennifer M25.09.2017Alles Super. Lieferung war schnell und die Ware ist super23.08.2017Klasse Produkt. Super Preis -Leistungsverhältnis. Nach anfänglichen Startschwierigkeiten läuft das Teil wie geschmiert.Manfred S20.12.2016Bin sehr zufrieden superschnelle Lieferung so macht mir das SpassSumoFocus Retriever"
55,g4w.de," Webhosting, Webspace, Pakete, Homepage, Domains, Domainname, Server Diese Webseite verwendet Cookies. Erfahren Sie mehr Benutzername: Passwort: Ohne Javascript ist einLogin nicht möglich! Emailadresse: Passwort: Username: Passwort: Server: Wunschname noch frei? Unternehmen | Widerrufsrecht | AGB | Datenschutz | Kontakt | Impressum Startseite 1. Domains 2. Webhosting 3. Server 4. Extras Rechenzentrum Auszeichnungen Reseller werden Download Webhosting Blog HILFE + SUPPORT Günstiges Webhosting. Preiswerte Domains. www..de/.com/.net mehr Domain Endungen prüfen ALL-IN-ONE - ALLES IN EINEM ! Domain inkl. Webspace Eigene IP-Adresse Datenbank Emails PHP5 etc. Für Profis, die nicht lange auf den Angebotsseiten suchen wollen: Hier ist alles drin, was man für ein erfolgreiches Webhosting braucht: Domain, Webhosting, Emails, PHP5, Eigene IP-Adresse, usw. Stark wie eine echte kleine Familie: G4W Bei G4W sind Sie in guten Händen. Fühlen auch Sie sich geborgen und kommen in den Kreis unserer kleinen Familie. Mit unseren hochwertigen Webhosting-Produkten begleiten wir Sie wie ein großer Bruder und helfen Ihnen, wo immer Sie uns brauchen! Webhosting bekommt man jetzt nicht nur so viel man will, sondern auch so lange man will, mit extrem viel Freiheit. Das heißt: Unsere ausgewählten Webhostingpakete können monatlich gekündigt werden. Sie gehen kein Risiko ein, wenn Sie mal testen wollen, wie es sich mit sehr viel Speicherplatz anfühlt. Vergleichen Sie das mal mit der Konkurrenz! Kinderleichte Installation umfangreicher WEBAPPLIKATIONEN mit nur einem Mausklick! Joomla, Mambo, Typo3, phpBB, etc. Das Confixx Application Pack bietet sensationell viele und intuitive Funktionen, die Sie später nicht mehr missen möchten. Schauen Sie mal und lassen sich einen kostenlosen Testzugang erstellen! Unsere Webhosting-Module sind mit PREMIUM VIRENSCHUTZ ausgestattet. Sie sind also bei G4W.de auf der sicheren Seite! Spam-Schutz inklusive! Virenschutz und Spamschutz sind heutzutage Pflicht. Da sollte Webhosting von G4W nicht fehlen - denn hier sind beide Komponenten in jedem Webhosting-Paket bereits enthalten. Ideal zum Testen! Jetzt geht's nach ganz oben: Mit den SEO Paketen von G4W ist Ihre Webseite bereits nach wenigen Wochen auf Seite 1 bei den Suchmaschinen. Neuester Artikel in unserem Webhostingblog über günstige Domains und preiswertes Webhosting:Werbung im InternetInternetuser sind schnell genervt, wenn sie beim Surfen im Netz mit zu viel Werbung belästigt werden. Wer eine selbst gehostete E-Mail-Adresse nutzt, ist sehr gut vor unerwünschter Werbung und Spam geschützt, da viele Provider Anti-Spam-Programme nutzen. Und wenn das E-Mail-Postfach doch von zu viel Spam überflutet wird, kann man einfach eine neue Adresse registrieren. Wenn es um Wer... jetzt den ganzen Webhosting Artikel im Webhosting Blog lesen Warenkorb Domains: (0) Webhosting: (0) Server (0) Extras (0) 0.063 "
56,galdem.de," Sanitär Shop online • Exklusive Badausstattung • Galdem.de Home Badmöbel 72 60 cm Waschtisch 19 80 cm Waschtisch 11 Doppel-Waschtisch 17 Gäste-WC 5 Hängeschrank 5 Waschbeckenunterschrank 9 Badewannen 12 Set mit Füßen 10 Viertelkreis 1 6 - Eck 2 8 - Eck 1 Oval 1 Rechteck 5 Duschwannen 106 Rechteck 24 Quadrat 5 Viertelkreis 4 Ablaufgarnitur 1 Set mit Träger 36 Rechteck 24 Quadrat 6 Viertelkreis 6 Set mit Füßen 36 Rechteck 24 Quadrat 6 Viertelkreis 6 Duschabtrennungen 30 Economy 5 Viertelkreis 2 Quadrat 2 Rechteck 1 Luxury 7 Rechteck 4 Quadrat 3 Premium 18 Viertelkreis 5 Quadrat 3 Rechteck 10 Spiegelschränke 60 40 cm 1 50 cm 2 60 cm 13 70 cm 6 80 cm 11 90 cm 1 100 cm 10 120 cm 6 Möbel 46 Nachttische 9 Kommoden 8 Schuhschränke 1 TV-Lowboards 5 Wohnwand 1 Regale 6 Stühle 14 Couchtische 1 Schreibtische 1 Kaminofen 10 E-Mail-Adresse Passwort Anmelden Passwort vergessen? Registrieren Abbrechen 0 Sie haben noch keine Artikel im Warenkorb. Toggle navigation Home Badmöbel 72 60 cm Waschtisch 19 80 cm Waschtisch 11 Doppel-Waschtisch 17 Gäste-WC 5 Hängeschrank 5 Waschbeckenunterschrank 9 Badewannen 12 Set mit Füßen 10 Viertelkreis 1 6 - Eck 2 8 - Eck 1 Oval 1 Rechteck 5 Duschwannen 106 Rechteck 24 Quadrat 5 Viertelkreis 4 Ablaufgarnitur 1 Set mit Träger 36 Rechteck 24 Quadrat 6 Viertelkreis 6 Set mit Füßen 36 Rechteck 24 Quadrat 6 Viertelkreis 6 Duschabtrennungen 30 Economy 5 Viertelkreis 2 Quadrat 2 Rechteck 1 Luxury 7 Rechteck 4 Quadrat 3 Premium 18 Viertelkreis 5 Quadrat 3 Rechteck 10 Spiegelschränke 60 40 cm 1 50 cm 2 60 cm 13 70 cm 6 80 cm 11 90 cm 1 100 cm 10 120 cm 6 Möbel 46 Nachttische 9 Kommoden 8 Schuhschränke 1 TV-Lowboards 5 Wohnwand 1 Regale 6 Stühle 14 Couchtische 1 Schreibtische 1 Kaminofen 10 Unsere Neuheiten: Galdem: Der Experte für hochwertige Badausstattung Als Onlineshop für Badezimmerausstattung verfolgen wir von Galdem die Philosophie, hochwertige Qualität für geringe Preise anzubieten. Artikel rund ums Badezimmer verschönern Ihre Waschräume und sorgen für das entsprechende Wohlfühl-Ambiente in Ihrer neuen Wellness-Oase. Dabei vereinen unsere Produkte durchweg höchsten qualitativen Standard und exklusives Design. Sanitär Shop: Funktionalität und Ambiente für Ihr Bad Wir von Galdem bieten Ihnen einen optimalen Sanitär Shop für exklusive Badausstattung. In unserem Sortiment finden Sie alles, womit Sie Ihr Badezimmer in eine Wohlfühloase verwandeln. Mit luxuriösen wie funktionalen Dusch- und Badewannen, eleganten Spiegelschränken sowie Badarmaturen von namhaften Markenherstellern wird aus der morgendlichen Katzenwäsche das reinste Wellness-Erlebnis. Keramik-Aufsatzwaschtische in attraktiven Designs sowie preiswerte, ausgefallene Regenduschen halten wir ebenfalls für Sie bereit. Speziell geformte Duschkabinen, beispielsweise rechteckig, quadratisch oder mit Abrundung aus Echtglas mit Drehtür und Edelstahlgriff sind besondere optische Highlights im Bad. Spieglein, Spieglein an der Wand In ein gut ausgestattetes Bad gehört auch immer ein ordentlicher Spiegel. Optimal ist es wenn dieser auch noch Stauraum bietet und mit einer dezenten Beleuchtung ausgestattet ist. Unsere Kategorien Spiegel und Spiegelschränke bieten Ihnen verschiedene raffinierte Spiegel-Lösungen in verschiedenen Größen, Formen und Designs an. Unsere Topseller der Kategorien Spiegel & Spiegelschrank: Spiegelschrank 100cm Leuchtspiegel rund Optimale Lösungen für jedes Bad Egal ob Wohnung im Mehrfamilienhaus oder Haus im Grünen, bei uns finden Sie die optimale Badausstattung für jedes Badezimmer. Duschkabinen-Sets, Badewannen und Waschtische sind in vielen Variationen erhältlich. So haben Sie die Möglichkeit die passende Ausstattung ganz nach Ihrem individuellen Geschmack und den Gegebenheiten Ihres Badezimmers auszuwählen. Beispielsweise bieten wir Ihnen Duschkabinen in unterschiedlichen Maßen, für passgenaues Einbauen in Ihr Badezimmer: Duschkabine 80x80 Duschkabine Glas 90x90 Duschkabine 120x90 Gute Wahl: Der Online Sanitär Shop Neben einer erstklassigen Verarbeitung der von uns angebotenen Produkte für Ihr Badezimmer bieten wir Ihnen einen äußerst unkomplizierten Bestellvorgang an. Stöbern Sie in aller Ruhe durch unseren virtuellen Shop und lassen sich inspirieren – und das alles von zu Hause. Schlafen Sie anschließend eine Nacht über Ihre Entscheidung. Am nächsten Tag haben Sie immer noch die Möglichkeit, Ihr neues Traumstück bequem von zu Hause aus zu bestellen – ohne lange Warteschlangen und überfüllte Parkhäuser. Innerhalb von wenigen Tagen liefern wir Ihnen die Ware direkt vor die Haustür. Qualität zu fairen Preisen Hochwertige Bad Armaturen, Accessoires, Badewannen, Duschwannen, Spiegelschränke Jetzt Newsletter abonnieren und 5% sparen Vorname Nachname E-Mail-Adresse Abonnieren Galdem.de Versand Zahlung Muster-Widerrufsformular Online-Streitschlichtungsplattform Kontakt Registrieren Login Warenkorb Zahlungsarten Versand Galdem als App © Copyright 2017 Galdem GmbH- Alle Rechte vorbehalten.Designed by Auctiongoo / Shopgoo Widerrufsrecht|Datenschutzerklärung|AGB|Impressum Filter Warenkorb Ihr Browser unterstützt kein JavaScript! Um die Funktionen dieser Seite nutzen zu können, benötigen Sie JavaScript! Bitte aktualisieren Sie Ihren Browser oder aktivieren Sie JavaScript in den Einstellungen. "
57,gamblerstore.de," Gambler`s Store - Home Casino Shop, Blackjack, Poker, gambling machine, Jetons, Roulette, Craps and more 0941 - 460 750 || ANFAHRT || info@gamblerstore.de PokerchipsPoker TablesPlaying CardsPoker AccessoriesCasino GamesBooks & MagazinesOther Blackjack Roulette Craps Verleih Individuelle Produkte WSOP Shop Jackpot62 Main page » Welcome to AniMazing Gambler`s Store Gambler`s Store Willkommen in Europas größtem Fachmarkt und Versender von Poker- und Casino Produkten Copag Plastikkarten Jumbo-Index Doppelpack 12,90 EUR High Stakes Plaque 25.000€, grün 15,00 EUR Dealer Puck Twin 7,5cm 8,95 EUR Chipkoffer Ultimate Evolution Set 500, Mix-It 99,00 EUR WSOP Europe T-Shirt, Größe Minstead 22,00 EUR only 5,00 EUR 36cm Roulette Kessel Holz Schwarz 149,00 EUR Shopping Cart » You do not have any products in your shopping cart yet. Welcome back ! eMail Address: Password: Password forgotten? Anmelden / Registrieren Shopping Cart Cash box Your account Search Search Special offers » T-Shirt ""Gambler"" Oliv Größe S instead 14,95 EUR only 5,00 EUR New Products » Nifty Joe's Kitchen Keramik Chip 10000 0,79 EUR Reviews » WSOP Ceramic Chips 2010, 100 blackDiese Chips sind einfach der Hammer! Habe insgesamt 575 Stüc .. Customer Service Shipping & ReturnsConditions of UseImprintContactHow to find us? Your account Anmelden / Registrieren Your account Shopping Cart Cash box Informations Sitemap Bleiben Sie mit uns in Kontakt! Weitere Seiten AniMazing Freizeitshop Vitrinenladen.de Sun-Fly Casinochips Ich Lucky! AniMazing Wir akzeptieren folgende Zahlungsweisen AniMazing GmbH Grunewaldstr. 5 93053 Regensburg Telefon 0941 - 460750 Unsere Bürozeiten Mo - Fr: 9:00 - 16:00 Uhr eCommerce Engine © 2006 xt:Commerce Shopsoftware "
58,gameox.de," GameOX 0 Artikel - 0,00 € Kundenlogin Home Produkte » Top Angebote Gameserver » Gameserver Optionen Server Statistiken Voiceserver Webhosting » Webspace Domains Server » vServer RootServer Gameroot Streamserver » Stream Stream-Paket Gameserver » Gameserver Optionen Server Statistiken Voiceserver Webhosting » Webspace Domains Server » vServer RootServer Gameroot Streamserver » Stream Stream-Paket News GameOX CounterStrike: GO Server mieten Endlich ist es da! CounterStrike Global Offensive erscheint und wir haben sofort den passenden Gameserver! - 10 Slots nur 4,99 EUR / Monat - keine Einrichtungsgebühren - sofort bestellen und loslegen jetzt 10 Slots ab 4,99 € / Monat mieten Gs4You + Top-Colo = GameOX Nun ist es soweit! Gs4You und Top Colo bieten künftig mit vereinten Kräften Ihre Dienstleistungen rund um Gameserver, Voiceserver und professionelles Hosting. Zum Start haben wir alle Produkte überarbeitet! Gameserver gibt es jetzt schon ab 4,99 EUR / Monat, Voiceserver ab 1,19 EUR / Monat. mehr erfahren... Gameserver bei GameOX Einheitliche Slotpreise für alle Games! Ab sofort können Sie alle Gameserver bei uns ab 4,99 EUR / Monat mieten! Nutzen Sie die Frühlingsoffensive und sichern Sie sich jetzt Ihren gewünschten Gameserver - ob Counter Strike, Unreal Tournament, Call of Duty, Minecraft, ... wir haben sie alle! jetzt 10 Slots ab 4,99 € / Monat Voiceserver bei GameOX Teamspeak3, Teamspeak2, Mumble, Ventrilo, u.v.m.! Holen Sie sich jetzt Ihren Wunsch-Voiceserver bei GameOX. Ab 6 Slots bieten wir Ihnen mondernste Technik, eine hohe Bandbreite und zuverlässige Stabilität. jetzt ab 1,19 € / Monat Professionelles Hosting bei GameOX Zum Start von GameOX präsentieren wir eine komplett überarbeitete Hostingpalette. Wählen Sie jetzt Ihren Rootserver, einen vServer oder einen Gameroot. Buchen Sie dazu Ihre Wunschdomain und erweitern Sie Ihre Pakete bequem bei Bedarf. Gameroots ab 84,99 EUR / Monat Seite wird geladen. Bitte warten Sie... Unsere Angebote Top Angebote Gameserver Voiceserver Webhosting Server Streamserver Unsere Top Angebote Angebot!Counter Strike Global Offensive4,99 3,10 €DETAILS Teamspeak 30,10 €DETAILS Angebot!Counterstrike Source4,99 3,10 €DETAILS Shop durchsuchen Die neuesten Artikel Angebot!Root Server Atom D270034,99 29,99 €DETAILS Angebot!Root Server Atom D41029,99 24,99 €DETAILS Domain .at (Österreich)1,19 €DETAILS Unsere Angebote Gameserver Voiceserver Webhosting Server Streamserver Informationen Support Häufige Fragen AGB Kontakt Impressum Aktuelle News Gs4You + Top-Colo = GameOX18.Apr.2012 Powered by cloudshops.de "
59,gelesi.de," Foodblog shop | schnelle Rezepte Kochen im Alltag Toggle navigation Navigation HOME Picknickdecke Raclette Raclette Geräte Raclette Grill mit heißem Stein Raclette Grill mit beschichteter Metallplatte Raclette Grill mit geteilter Grillfläche Schweizer Raclette Raclette Grill mit 2 Pfännchen Raclette Grill mit 4 Pfännchen Raclette Grill mit 8 Pfännchen Brotbackautmat Foodblog shop - schnelle Rezepte Kochen im Alltag NEWSLETTER Folge mir einfach per Email und verpasse kein neues Rezept und keinen Blogartikel mehr. teilen twittern teilen teilen pinnen e-mail rss-feed GeLeSi – Foodblog mit Rezepten für deinen Alltag GeLeSi ist der Foodblog aus Landsberg bei Halle, auf dem sich alles um kreative, schnelle und einfache Rezepte für den Alltag dreht. Frisch Kochen für den Alltag - Do it Yourself Cook it DIY: Mittag- oder Abendessen frisch kochen in nur 30 Minuten, einfache und gesunde Partyrezepte, schnelle Kochrezepte für den Picknick Ausflug, das Festtagsmenü in Rekordzeit. Impressum Datenschutzerklärung Kooperation & Presse Archive Archive Wähle den Monat Manu unterwegs © 2017 - Foodblog shop - Diese Seite läuft mit dem Affiliate Theme von affiliseo.de Damit diese Seite ordnungsgemäß funktioniert, platzieren wir kleine Datendateien auf Ihrem Gerät, die als Cookies bezeichnet werden. Okmehr Informationen44e50dd8f0 "
60,genussland.at," Genussland Oberösterreich - Genussland Startseite Navigation Inhalt Kontakt Inhaltsverzeichnis Seitenanfang Impressum Positionsanzeige Produzenten + _ Produzenten Erzeugergemeinschaften Bauern- und Hofläden Caterer Kooperationspartner GenussRegionen Oberösterreich ORF Clips Produzenten Produkte + _ Alle Genusslandprodukte Genuss-Produkt des Monats Süßwaren, Mehlspeisen Convenience - Fertiggerichte Gewürze Fleisch Milch und Milchprodukte Eier und Teigwaren Gemüse und Obst Fisch Käse Fleischwaren Getränke Brot und Gebäck... Genussboxen Gastronomie + _ Restaurants und Gasthäuser Mostschänken Heuriger/Buschenschank Almen & Hütten Cafès Wirtekooperationen Handel + _ Spar Markt BILLA Unimarkt EUROSPAR MERKUR ADEG Nah & Frisch INTERSPAR Maximarkt Strasser-Markt Winkler Markt Weitere Handelspartner Kochrezepte & mehr Reisen im Genussland Veranstaltungen Service Newsletter Partnerbereich Mit der ""Tabulator""-Taste kann bei der Hauptnavigation von einem Menüpunkt zum nächsten gewechselt werden. Mit der ""Eingabetaste""-Taste wird der Menüpunkt aktiviert und sofern Unterpunkte vorhanden sind, das Untermenü geöffnet. Die Untermenüpunkte können dann wiederum mit der ""Tabulator"" und ""Eingabetaste"" bedient werden. Reisen im Genussland Veranstaltungen Service Newsletter Partnerbereich Produzenten Produkte Gastronomie Handel Kochrezepte & mehr Genussland Produzenten › Produzenten › Erzeugergemeinschaften › Bauern- und Hofläden › Caterer › Kooperationspartner › GenussRegionen Oberösterreich › ORF Clips Produzenten Genussland Produkte › Alle Genusslandprodukte › Genuss-Produkt des Monats › Süßwaren, Mehlspeisen › Convenience - Fertiggerichte › Gewürze › Fleisch › Milch und Milchprodukte › Eier und Teigwaren › Gemüse und Obst › Fisch › Käse › Fleischwaren › Getränke › Brot und Gebäck... › Genussboxen Gastronomie › Restaurants und Gasthäuser › Mostschänken › Heuriger/Buschenschank › Almen & Hütten › Cafès › Wirtekooperationen Genuss im Handel › Spar Markt › BILLA › Unimarkt › EUROSPAR › MERKUR › ADEG › Nah & Frisch › INTERSPAR › Maximarkt › Strasser-Markt › Winkler Markt › Weitere Handelspartner de Formular schließenIhre AnfrageBitte alle mit * gekennzeichneten Felder ausfüllen.Anrede *HerrFrauFamilieTitelVorname *Nachname *E-Mail*TelefonAnfrage *Senden Print Current Page Die nachfolgende Bildergalerie ist mittels Pfeiltasten (links, rechts) bedienbar. zurück vor 0 1 2 Genussland Oberösterreich Oberösterreich beweist Geschmack Rezepttipps › Rezepttipps Kochen mit regionalen Produkten aus dem Genussland Oberösterreich! Genusslandmarsch Hören Sie sich den Genusslandmarsch an › Jetzt klicken Suche nach Produzenten & Produkten Bezirk: Bezirksname ... Braunau am Inn Eferding Freistadt Gmunden Grieskirchen Kirchdorf an der Krems Linz Linz-Land Perg Ried im Innkreis Rohrbach Schärding Steyr Steyr-Land Urfahr-Umgebung Vöcklabruck Wels Wels-Land Betriebsart: Betriebsart ... Bio-Betriebe Bauern- und Hofläden Kooperationspartner Erzeugergemeinschaften GenussRegionen OÖ Produzent: Produkt: Produkte für die Gastronomie Suchen Produzenten & Produkte Suche nach Produzenten & Produkten × Suche nach Produzenten & Produkten Bezirk: Bezirksname ... Braunau am Inn Eferding Freistadt Gmunden Grieskirchen Kirchdorf an der Krems Linz Linz-Land Perg Ried im Innkreis Rohrbach Schärding Steyr Steyr-Land Urfahr-Umgebung Vöcklabruck Wels Wels-Land Betriebsart: Betriebsart ... Bio-Betriebe Bauern- und Hofläden Kooperationspartner Erzeugergemeinschaften GenussRegionen OÖ Produzent: Produkt: Produkte für die Gastronomie Suchen Genussland Oberösterreich Was ist das Genussland Oberöste… Allgemeines zum Genussland Genussland OÖ in aller Munde Genuss-Produkt des Monats im Handel Das Genuss-Produkt des Monats ist das Kremstaler Kletzenbrot der Hofbäckerei Resch in Wartberg. ›Zum Genuss-Produkt des Monats Das neue Genussland-Kindersortiment Jetzt neu - Regionales für kleine Genießer. Wir stellen Ihnen das neue Genussland-Kindersortiment vor. ›Mehr zum Genussland-Kindersortiment Das Bschoad Binkerl Psst - bald ist Weihnachten! Falls Sie noch nicht wissen, was Sie Ihren Liebsten schenken sollen, dann haben wir hier das Passende für Sie! ›Mehr dazu Das war die Genussland-Straße 2… Hier geht's zur Bildergalerie der Genussland-Straße 2017 Radio Arabella Genuss-Tipp der Woche auf Radio Arabella ›Zu den Spots Genussland-Blog Wir machen uns ans (Koch-)Werk! Schauen Sie gemeinsam mit uns bei unseren Partnern hinter die Kulissen oder in die Kochtöpfe. ›Zum Genussland-Blog Unterwegs im Genussland OÖ LT1 ist im Genussland Oberösterreich regelmäßig unterwegs und schaut Köchen und Lebensmittelproduzenten über die Schulter. ›Zu den Beiträgen Besuch bei Produzenten Ein Blick hinter die Kulissen, in die Kochtöpfe oder über die Schulter, um die Herstellung und Verarbeitung hochwertige Lebensmittel aus erster Hand mitzuerleben. ›Mehr dazu Partnerschaft für die Gastronomie AMA Gastrosiegel Regional aufgetischt Ausgezeichnete Partnerschaft Urlaub am Bauernhof ›Bauernhöfe in Oberösterreich 2017/18 ›Hofgschichtn ›… Pressemeldungen aus dem Genussland OÖ ›Hier finden Sie Pressemeldungen vom Genussland Oberösterreich! ›Zum Genussland Blog Andere Webseiten +- oberoesterreich.at ausflugstipps.at landesausstellung.at naturschauspiel.at Urlaub am Bauernhof privaturlaub.at Services +- Hotline & Kontakt Kataloge bestellen Newsletter Social Media Facebook YouTube Produzenten Produzenten Erzeugergemeinschaften Bauern- und Hofläden Caterer Kooperationspartner GenussRegionen Oberösterreich ORF Clips Produzenten Produkte Alle Genusslandprodukte Genuss-Produkt des Monats Süßwaren, Mehlspeisen Convenience - Fertiggerichte Gewürze Fleisch Milch und Milchprodukte Eier und Teigwaren Gemüse und Obst Fisch Käse Fleischwaren Getränke Brot und Gebäck... Genussboxen Gastronomie Restaurants und Gasthäuser Mostschänken Heuriger/Buschenschank Almen & Hütten Cafès Wirtekooperationen Handel Spar Markt BILLA Unimarkt EUROSPAR MERKUR ADEG Nah & Frisch INTERSPAR Maximarkt Strasser-Markt Winkler Markt Weitere Handelspartner Partner & Links Newsletter Impressum (c) TTG Tourismus Technologie GmbH › Wir optimieren für Sie die Userfreundlichkeit unserer Website und bedienen uns dafür Cookies, deren Anwendung Sie durch Ihre weitere Nutzung der Website zustimmen. Die Website verwendet Cookies ×close "
61,germanwear.de," German Wear Trachtenmode Motorrad Sport Bekleidung & Schuhe kostenloser Versand kostenloser Rückversand kostenloser Umtausch Rechnungskauf sicher kaufen Gutscheine +49-511-6769-500 Kontakt Hilfe Info Zahlungsarten Versandarten & -kosten Konfektionsgrößen Retouren FAQs - Einkaufshilfe Hilfe zum Bestellvorgang Direktverkauf & Händler Kundenblog Login E-Mail-Adresse Passwort Anmelden Passwort vergessen? Registrieren Abbrechen Warenkorb 0 Sie haben noch keine Artikel im Warenkorb. Toggle navigation Finden Home Motorradbekleidung 244 Motorradjacken 64 Lederjacken 24 Textiljacken 17 Motorradhosen 36 Lederhosen 13 Textilhosen 7 Kevlarjeans 9 Lederjeans 7 Protektoren 20 Protektorenjacken 5 Nierengürtel 8 Sonstige Protektoren 7 Motorradkombis 14 Motorradstiefel 56 Motorradhandschuhe 20 Bikerwesten 14 Satteltaschen 14 Motorradzubehör 6 Trachten 660 Damentrachten 211 Mini Dirndl 6 Midi Dirndl 21 Lange Dirndl 5 Gastronomie Dirndl 7 Dirndlblusen 10 Trachtenblusen 54 Lederhosen 17 Dirndlschürzen 45 Trachtenschuhe 14 Trachtentaschen 7 Trachten-Strickmode 1 Trachtenstrümpfe 22 Damen Hosenträger 2 Herrentrachten 235 Kniebundlederhosen 16 Kurze Lederhosen 9 Lange Lederhosen 2 Trachtenhemden 92 Trachtensocken 30 Haferlschuhe 34 Jacken & Westen 14 Trachten-Strickmode 10 Trachtenkrawatten 10 Hosenträger 13 Lederhosengürtel 1 Messer & Zubehör 4 Kindertrachten 61 Kinder Dirndl 18 Kinder Dirndlschürze 4 Kinder Lederhosen 8 Kinder Trachtenhemden 15 Kinder Trachtensocken 7 Kinder Trachtenschuhe 9 Trachtenschmuck 117 Trachtenketten 26 Trachtenanhänger 15 Trachtenarmbänder 13 Trachtentücher 33 Trachten Kordeln 20 Ohrschmuck 7 Schmuckkombis 3 Trachtenzubehör 36 Trachtenhüte 11 Schnürsenkel 4 Trachtenknöpfe 1 Lederschnüre 1 Hosenträger 13 Sonstige Zubehör 6 Sport & Freizeit 244 Fußball 29 Trikots 19 Trainingjacken 3 Traininghosen 2 Trainingsanzuege 7 Fussbälle 5 Radsport 27 Trägerhosen 4 Trikots & Shirts 10 Shorts 8 Handschuhe 5 Jagdbekleidung 53 Jagdjacken 4 Jagdhosen 7 Schuhe & Stiefel 3 Jagdweste 9 Jagdsocken 3 Jagdhemd 10 Hüte & Mützen 6 Jagdmesser & Zubehör 4 Jagdhundausstattung 7 Reiter & Western 26 Westernjacken 4 Leder-Chaps 6 Schuhe & Stiefel 6 Pferde- & Reitzubehör 10 Fitness & Gym 101 Leggings & Tights 70 Tanktops 8 Handschuhe 5 Gürtel & Zughilfe 9 Gewichtsmanschetten 9 Wintersport 1 Skisocken 1 Fashion & Outdoor 174 Herrenjacken 39 Damenjacken 30 Hoodies 2 Mäntel, Hosen & Röcke 12 Leggings & Strumpfhosen 70 Handtaschen 3 Handschuhe 17 Teppiche & Matten 1 Schuhe & Stiefel 199 Ballerinas 21 Business-Schuhe 32 Mary Jane 6 Sandalen 7 Bootsschuhe 8 Mokassins 14 Clogs & Pantoletten 6 Stiefel & Stiefeletten 14 Sneakers 6 Trachtenschuhe 57 Indianer & Western 6 % SALE Motorradbekleidung Trachtenmode Schuhe & Stiefel Motorradbekleidung Trachtenmode Schuhe & Stiefel Gutscheine Jagd Western Fitness Fashion Radsport Lederjacken German Wear Onlineshop bietet Ihnen preiswerte Motorradbekleidung aus Leder und auch aus Textilien. Günstige Trachtenmode, wie Dirndl und Lederhosen. Außerdem bieten wir Sportartikel wie coole Leggings & Tanktops, Handschuhe,Gürtel&Zughilfen fürs Fitnessstudio oder auch Trikots und Fahrradhosen für den Radsport und auch hochwertige Trikots & Fussbälle, die den Qualitäts-Anforderungen der FIFA bezüglich Gewicht, Abprall und Umfang entsprechen. Desweiteren finden Sie bei German Wear Jagdbekleidung sowie Westernkostüme & Zubehör. Motorradbekleidung Angebote Wie jedes Jahr bietet German Wear attraktive Angebote. Bei uns bekommen Sie Motorradbekleidung und Motorradstifel, ebenso Motorrad-Lederhosen & Motorradhosen aus Textilien ebenso Motorradkombis als Leder oder Textilien.Aber auch Motorradjacken, Motorradhosen im Set oder einzeln und auch Motorradwesten. Wir bieten Ihnen unsere Artikel zu unschlagbaren Preisen an. So können Sie auch bei der Motorradsaison 2017 Motorradbekleidung ein tollen Schnäppchen machen. Jedes Jahr kommen neue Trends und Farben und so können Sie auch in Sachen Trend auf dem neusten Stand sein. Textil Motorradjacke schwarz/grau 59,90 € 56,90 € Artikel-Bewertung: 4.8 /5 (11 Bewertungen) (11) inkl. MwSt. zzgl. Versand -3,73% Motorradjacke Chopperjacke Rindsleder schwarz/blau 134,00 € 129,00 € Artikel-Bewertung: 5 /5 (3 Bewertungen) (3) inkl. MwSt. zzgl. Versand Motorradjacke Rindsleder schwarz/rot 134,00 € 119,00 € inkl. MwSt. zzgl. Versand Neu Motorradjacke Büffelleder 139,00 € 119,00 € inkl. MwSt. zzgl. Versand Motorradjacke Chopperjacke Rindsleder 139,90 € 129,00 € Artikel-Bewertung: 5 /5 (1 Bewertungen) (1) inkl. MwSt. zzgl. Versand Motorradjacke Brando Rockabilly jacke 64,00 € Artikel-Bewertung: 5 /5 (5 Bewertungen) (5) inkl. MwSt. zzgl. Versand Damen Motorradjacke Textil rosa 64,90 € Artikel-Bewertung: 5 /5 (3 Bewertungen) (3) inkl. MwSt. zzgl. Versand -3,73% Motorradjacke Chopperjacke Rindsleder schwarz/grau 134,00 € 129,00 € inkl. MwSt. zzgl. Versand -10,97% Motorradhose Textil schwarz/grau 62,90 € 56,00 € Artikel-Bewertung: 5 /5 (7 Bewertungen) (7) inkl. MwSt. zzgl. Versand Motorradhose Büffelleder schwarz/orange 114,00 € Artikel-Bewertung: 5 /5 (1 Bewertungen) (1) inkl. MwSt. zzgl. Versand Motorradhose Rindsleder schwarz/pink 109,00 € Artikel-Bewertung: 5 /5 (2 Bewertungen) (2) inkl. MwSt. zzgl. Versand Weitere Motorradbekleidung >> Motorradbekleidung: Jacken, Hosen, Kombis, Stiefel und mehr!Trachtenmode: eine große Auswahl, hier findet jeder seine Hose.Bequem bezahlen: Kauf auf Rechnung, Kreditkarten oder Lastschriftüber 10Jahre Online Geschäfte. Die Kundenbewertungen sagen alles ..... Neu eingetroffen Neu OMKA Optima Herren Traininghose 29,90 € 24,90 € (Grundpreis: 24,90 € / Stück) inkl. MwSt. zzgl. Versand Neu OMKA Optima Herren Traininghose 29,90 € 24,90 € (Grundpreis: 24,90 € / Stück) inkl. MwSt. zzgl. Versand Neu OMKA Optima Herren Trainingjacke 29,90 € 24,90 € (Grundpreis: 24,90 € / Stück) inkl. MwSt. zzgl. Versand Neu OMKA Optima Herren Trainingjacke 29,90 € 24,90 € (Grundpreis: 24,90 € / Stück) inkl. MwSt. zzgl. Versand Neu OMKA Fussballtrikot Fan Trikot 24,90 € 19,90 € (Grundpreis: 19,90 € / Stück) inkl. MwSt. zzgl. Versand Neu OMKA Fussballtrikot Fan Trikot 24,90 € 19,90 € (Grundpreis: 19,90 € / Stück) inkl. MwSt. zzgl. Versand Neu OMKA Fussballtrikot Fan Trikot 24,90 € 19,90 € (Grundpreis: 19,90 € / Stück) inkl. MwSt. zzgl. Versand Neu OMKA Fussballtrikot Fan Trikot 24,90 € 19,90 € (Grundpreis: 19,90 € / Stück) inkl. MwSt. zzgl. Versand Weitere neue Angebote >> German Wear Angebot Der German Wear Onlineshop bietet Ihnen Lederhosen, Dirndl, Trachtenlederhosen, Trachtenmode aus Ziegenleder und Kniebundhosen aus Wildleder oder Wildbockleder. Wir haben außerdem Trachtenschmuck, wie z.b Trachtenketten, Trachtenanhänger, Trachtentücher, Trachtenarmbänder, Ohrschmuck passend zum Outfit oder auch ganze Schmuckkombis für die Dame. Natürlich braucht auch der Herr etwas schmückendes Bewerk, wie z.b einen Trachtenhut, zum Outfit passende Schnürrsenkel, oder auch Hosenträger. Jacken und Westen finden Sie bei German Wear, genauso wie auch Trachtenkrawatten und Lederhosengürtel. Trachtenhemden und Haferlschuhe und andere Trachtenmode wie beispielsweise Dirndlblusen, Trachtenblusen, Minidirndl & Mididirndl, Lederhosen und andere Trachtenschuhe für jedes Fest. Ob Dirndlblusen zum Dirndl oder Trachtensocken zu Lederhosen- bei uns finden Sie alles was zu einem perfekt gestylten Oktoberfestbesuch gehört.Wir haben sowohl Damenlederhosen als auch lange und kurze Lederhosen und passenden Trachtenschuhen für Damen, Herren und Kinder.Unsere Haferlschuhe sind oft mit Edelweiß bestickt, mit dem Sie zu einem Blickfang auf jeder Feier werden. German Wear bietet feinste Ware aus Echtleder aber auch anderen hochwertigen Materialien. Da es für uns nicht nur wichtig ist, dass Sie die Artikel zu einem sehr attraktiven Preis beziehen können, bietet German Wear natürlich auch kostenlosen Versand an. So macht das Shoppen doppelt Spaß. Gefällt mir Empfehlen Tweet +1 Zahlen Sie bequem per Einkaufen Häufig gestellte Fragen Konfektionsgrößen Zahlungsarten Versandarten & -kosten Expressversand Bestellvorgang Direktverkauf Mein Konto Registrieren Login Warenkorb Zur Kasse Unternehmen Kundenblog Karriere Soziales Engagement Impressum Kontakt Datenschutzerklärung Widerrufsrecht AGB Feedback Kundenbewertungen von Trusted Shops: 4.85/5 bei 471 Bewertungen Sonstige Großhandel Lederbezeichnungen Lederkonservierung Lederpflege Schuharten Textillexikon German Wear Vorteile kostenloser Versand, Rückversand und Umtausch Schnell-Lieferprogramm 60+ Jahre Familienunternehmen 11+ Jahre Online Shopping 350.000+ Online Bestellungen 284.600+ Kunden 5000+ Artikelvarianten © Copyright 2017 German Wear GmbH. Alle Rechte vorbehalten. Warenkorb Nach oben Ihr Browser unterstützt kein JavaScript! Um die Funktionen dieser Seite nutzen zu können, benötigen Sie JavaScript! Bitte aktualisieren Sie Ihren Browser oder aktivieren Sie JavaScript in den Einstellungen. "
62,gitarre-bestellen.de," Gitarre bestellen, E-Gitarre kaufen, Gitarrenshop, Gitarrenbausätze Gitarre bestellen » Gitarrenshop Warenkorb Sie haben noch keine Artikel in Ihrem Warenkorb. Suche TOPANGEBOT des Tages ANGEBOT endet in: aktiver Spear E-Bass SJA-250 Brown Burst Statt 389,00 EUR Nur 291,75 EUR Kategorien E-Gitarren Gitarren-Bausätze Bass-Bausätze Band CD's Bücher Gitarrenbau Bücher/CD Gitarre lernen Hardware / Elektrik Korpus / Bodys Gitarre Korpus / Bodys Bass Hälse / Necks Gitarre Hälse / Necks Bass Spear E-Gitarren Spear E-Bass Spear Akustik Gitarren Bass Gitarren Samick Gitarren/Bässe Sigma Gitarren Martin & Co Gitarren Western-Gitarren Konzert / Klassik Gitarren Gipsy Gitarren Reisegitarren / Minis Ukulelen Verstärker / Amps Koffer und Taschen Effektgeräte-Pedale Stimmgeräte Gitarrenständer Gitarrengurte Gitarrenkabel Saiten Plektren Gitarrenbau/Werkzeug Lacke/Öle GESCHENK-GUTSCHEIN Lederarmbänder Sonstiges Bewertungen Super Idee, alles schon so Gut wie fertig bin zufrieden. .. Neue Artikel E-Gitarren-Bausatz MLP Quilt Top Standard Mahagoni, geschraubter Hals 239,00 EURinkl. 19 % Mwst. exkl. Versandkosten Versandkosten Willkommen im ML-Factory Gitarren-Shop Wir bieten euch die weltweit größte Auswahl an Gitarrenbausätzen E-Gitarren Bausatz PR- Semi II Hollowbody Quilted Top Custom Mahagoni 289,00 EUR( inkl. 19 % Mwst. + Versand ) E-Git.-Bausatz/Guitar Kit PR- IV Quilted Top Custom Mahagoni 259,00 EUR( inkl. 19 % Mwst. + Versand ) E-Gitarre Spear RD-150 Emerald Blue 329,00 EUR( inkl. 19 % Mwst. + Versand ) E-Gitarren-Bausatz Style II ohne Fräsungen Esche/Blackwood ohne Hardw. 169,90 EUR( inkl. 19 % Mwst. + Versand ) E-Gitarren-Bausatz Style I ohne Fräsungen Esche/Blackwood ohne Hardw. 169,90 EUR( inkl. 19 % Mwst. + Versand ) E-Gitarren-Bausatz/Guitar Kit MSG SP Custom Mahagoni 239,00 EUR( inkl. 19 % Mwst. + Versand ) E-Gitarren-Bausatz MLP Ash Flat Top, Mahagoni Hollowbody 259,90 EUR( inkl. 19 % Mwst. + Versand ) Jetslide 9 Edelstahl/Stainless 63mm Ringgröße 35,00 EUR( inkl. 19 % Mwst. + Versand ) Gitarrenbau/Reparatur Set Gitarre–die perfekte Grundausstattung 129,90 EUR( inkl. 19 % Mwst. + Versand ) Hals/Neck für Jazzgitarren zum einleimen, 22 Bünde, Ahorn mit Binding 119,00 EUR( inkl. 19 % Mwst. + Versand ) E-Gitarren-Bausatz/Guitar Kit SPEAR RD 250 Flamed Maple Top 389,00 EUR( inkl. 19 % Mwst. + Versand ) E-Gitarre SPEAR 10TH Anniversary Limited Edition Golden Tiger 999,00 EUR( inkl. 19 % Mwst. + Versand ) Spear Beatbass 4 Ash Top aktiv 469,00 EUR( inkl. 19 % Mwst. + Versand ) Western-Gitarre / Akustik-Gitarre Spear SC 70E, mit Tonabnehmer und EQ 239,00 EUR( inkl. 19 % Mwst. + Versand ) Western-Gitarre / Akustik-Gitarre Spear SD 70 199,00 EUR( inkl. 19 % Mwst. + Versand ) E-Gitarren-Bausatz/Guitar Kit MLP Quilted Maple Top Custom Mahagoni 359,00 EUR( inkl. 19 % Mwst. + Versand ) E-Gitarren-Bausatz/Guitar Kit MLP Flamed Maple Top Custom Mahagoni 359,00 EUR( inkl. 19 % Mwst. + Versand ) E-Gitarren-Bausatz ML Factory Zèstrado II R Body aus Zebrano 399,00 EUR( inkl. 19 % Mwst. + Versand ) E-Gitarren/Akustik- Gitarren Bausatz Double Neck Tree of Life Inlays 289,00 EUR( inkl. 19 % Mwst. + Versand ) E-Gitarren-Bausatz/Guitar Kit ""Base"" mit durchgehenden Hals 289,00 EUR( inkl. 19 % Mwst. + Versand ) E-Gitarren-Bausatz Guitar Kit ML Factory Zèstrado, Body aus Zebrano 399,00 EUR( inkl. 19 % Mwst. + Versand ) E-Gitarren Saiten ""ML-Factory"" Light 10-46 3,88 EUR( inkl. 19 % Mwst. + Versand ) 12 x Plektren / Picks""ML-Factory"" die 3 gängisten Stärken 3,60 EUR( inkl. 19 % Mwst. + Versand ) Bundfeile / Fret File 3,0mm 19,90 EUR( inkl. 19 % Mwst. + Versand ) Bass Sattelfeilen Set 19,90 EUR( inkl. 19 % Mwst. + Versand ) Plektrum Cutter / pick cutter 29,90 EUR( inkl. 19 % Mwst. + Versand ) 7-Saiter E-Gitarre Spear RD-77 BK Slim Body 399,00 EUR( inkl. 19 % Mwst. + Versand ) 8-Saiter E-Gitarre Spear Gladius SP 8 Spalted Maple 419,00 EUR( inkl. 19 % Mwst. + Versand ) E-Gitarre Spear RD-150 Snake Skin Slim Body 339,00 EUR( inkl. 19 % Mwst. + Versand ) E-Gitarren-Bausatz MLP Flamed Flat Top, Mahagoni Hollowbody 259,90 EUR( inkl. 19 % Mwst. + Versand ) E-Gitarren, E-Bässe, Hardware, Elektrik und Gitarrenbausätze Sie möchten eine Gitarre kaufen? Willkommen bei der ML-Factory! In unserem GitarrenShop finden Sie von Gitarren-Zubehör wie Hardware und Elektrik über Gitarrenbausätze, Einsteigergitarren und Komplettsets, hervorragende E-Gitarren. U.a. von Ibanez, Spear oder auch Samick Gitarren und Bässe. Ein ebenfalls reichhaltiges Angebot an Verstärker / Amps, Gitarren-Koffer und Taschen, Effektgeräten und Pedalen, Stimmgeräte, Gitarrenständer, Gitarrengurte, Gitarren/Bass-Saiten uvm. runden unser Shopangebot ab. Haben Sie Fragen oder Anregungen? Dann rufen Sie uns einfach an oder schreiben Sie uns eine Email an info@gitarre-bestellen.de Mehr über... Datenschutz Unsere AGB's Widerrufsrecht Zahlung und Versand Bezahlen über Amazon Kontakt Impressum Informationen Newsletter Android + iPhone App Über ML-Factory FAQ & Schaltpläne Sitemap ML-Factory Banner ML-Factory Weblinks ML-Factory Blog 5% Willkommens-Rabatt BLOG & Kundenbilder Contest Infos Contest 2012 Contest 2011 ""BONUS für deine Bilder"" - beendet! Contest 2010 ""Wir suchen die Schönste"" beendet! Contest 2012: Bilder Style I - Olaf Urban/1 Style I - Olaf Urban/2 Style I - Olaf Urban/3 Style I - Olaf Urban/4 Style I - Olaf Urban/5 Style I - Andre Lukas Style I - Frank Buerger Style I - Jürgen Style I - Martin Ludwig Style I - Carsten Mattejat Style I - Guido Nordloh Style I - Peter Spanke Style I - Guido Nordloh/2 Style I - Jürgen Matthias Style I - David Bergmann Style I - Christian Lebitschnig Style I 12 S. - Adriaan Jansen Style II Hollow - Karl Kopecky Style II Hollow - Markus Süllow Style II - Ron Vervaat Style II - Paul Witton Style II - Björn Kickuth Style II - Ulrike Werner Style II - Ron Vervaat/2 Style II - Max Uecker Style II - Christiane Ertmer Style II - Karel Marik Style II - Ron Vervaat/3 Style II - Markus Bauer Style II - Vincent Lein Style II - Wolfgang Hoborn Style II - Wolfgang Hoborn/2 Style II - Christof Jachtenfuchs Style II - Ulrich Kaymer Style II - Manfred Röhrig Style II 12 Saiter - Matthias Kay JE-Style - Olaf Urban/1 JE-Style - Olaf Urban/2 JE-Style - Reini JE-Style - Johannes Schöben JE-Style - Christian P. Sanchez LP-Style - Ingo Opitz LP-Style - Martin Berka LP-Style - Frank Brüggenolte LP-Style - Anton Hinten LP-Style - Philipp Stein LP-Style - Ad Kooij LP-Style - Marvin Kersten LP Style - Adrian Honegger LP Style - Adrian Honegger/2 LP-Style - Alex Martin LP-Style - Robert Schwarzien LP Style - Adrian Honegger/3 LP-Style - Leon Neumeyr LP Style Kahler - A. Honegger LP Style Kahler-A. Honegger/2 LP Junior Style - Roger Arts LP Junior Style - N. Neidhart LP Junior Style - A. S. SG Style - Frank Müller SG Style - Robert Schwarzien SG Style - Joachim Lindenberg SG Style - Jan Freudenthal SG Style - Helge Lahser SG Style - Timo Werner SG Style - Christian P. Sanchez ES Style - Oliver Bürkle ES Style - Thomas Rieck ES Style - Christian Leo F-Bird Style - Stefan Wendling Headless - Bill Wolfe Headless - Frank Meyer PR Style - Ron Vervaat PR Style - Roman Egger PR Style - Wolfgang Hoborn ML-Coustic - Thomas Brand ML Ice - Ron Vervaat Jag-Style - Oswald Rabeder Explo Style - Raffael Kloiber Explo Style - Carsten Mattejat Explo Style-Thomas v. Dungen V - Style - Jakob Pflüger V - Style - Robert Schwarzien V - Style - Andreas Rohlfing V - Style - Timo Helfer V - Style - Oliver Bürkle V - Style - Christian P. Sanchez Metal Style II - Carsten Schrick Through Neck - Norbert Leder Through Neck - David Bergmann Resonator - Kay Loren Ash Bass 4S. - André Körner Ash Bass 4S. - R. Schwarzien Ash Bass 5S. - Reini MM-Style Bass-Kira Damnitz Bass Style II - Philipp Koch Mandoline - Reini Sonstige - Michael Wiese Sonstige - Jürgen Matthias Sonstige - Wolfgang Hoborn Sonstige-Christof Eberspächer Sonstige - Mike Bolz/3 Sonstige - Adriaan Jansen Contest 2011: Bilder LP J Double Cut - A. S. LP J. Double Cut - Rolf Lüthi LP J. Double Cut - Christian P. Sanchez LP J. - Frank Radke LP-Style - Karl Riepertinger LP-Style - Daniel Hasenauer LP-Style - Mike Middelhoff LP-Style - Christian Lessenich LP-Style - Christof Eberspächer LP-Style - Benjamin H. LP-Style - Dieter Kurz LP-Style - Anton Hinten LP-Style - Anton Hinten II LP-Style - Christian P.-Sanchez LP-Style - Holger Katt LP-Style - Pieter Bas Janmaat LP-Style - Sascha Burkheiser LP-Style - Marcel Bock Resonator - Adriaan Janson Master Style - Georg Niemeyer Master Style - Jack Blachere Master Style - C. Röderer Master Style - Ronny Kühn Master Style - Ronny Kühn II Explo - Holger Katt Explo - Thomas Rieck PR I - Ansgar Hermsen PR I - Thomas Wultschner PR I - Jo Kieferle PR I - Daniel Jungers PR III - Peter Wieck JEM Style - Jörg Strowick JEM Style - Erwin Häfner JEM Style - Erik Breyer JEM Style - Christian Selgrad JEM Style - Ron Vervaat JEM Style - Luki Schneebacher 5 Saiter Bass - Ron Vervaat 5 Saiter Bass - Bernhard Salzer 5 Saiter Bass - Marco Vunc 5 Saiter Bass - A. Honegger Style I - Dieter Kurz Style I - Attila Dabrowski Style I - Mathieu Lorentz Style I - Roland Wiederkehr Double Neck - Franz Wurzer Double Neck Mando - Reini P 44 Style - Marcel Bock P 44 Style - Dieter Kreft Style II - Uwe Kirchberg Style II - Roger Mosch Style II - Volker Schölles Style II - Peter Szymura Style II - Thomas Brand Style II - Dogan Yalcin Style II - Frank Brüggenolte Style II - Tobias Langguth Style II - Ronny Kühn Style II - Ronny Kühn II Flying V - Ovidio F. Pastrana Flying V - Michi Pillong Flying V - Stefan Wendling RR Flying V Style-Chris Walter ES Style - Norbert Purwin ES Style - Reinhardt Nickschas ES Style - Ad Kooij ES Style - Ulrike Werner Headless - Manuel Adler SG Style - Patrick Knill SG Style - Oliver Bürkle SG Style - Niklas Neuwirth SG Style - Tino Zimmermann SG Style D.Neck - K. Machinek SG Style D. Neck - Nick Gourgourakis Metal Style I - Mike Keller Metal Style I - Kevin Port Metal Style I - Thomas Roger Bass Style I - Bernd Franz Mandoline - Stefan Wendling Sonstige - David Bergmann Sonstige - Martin Henk Sonstige - Pieter Bas Janmaat Contest 2010: Bilder Gitarrenbausatz S-Style von Uli Blum Gitarrenbausatz S-Style von Fabian Hollweck Gitarrenbausatz RR Flying-Style von Stefan Schwarz Gitarrenbausatz Tele von Holger Wilhelm Gitarrenbausatz S-Style 12-saitig von Wolfgang Hoborn Gitarrenbausatz S-Style von Felix Schmidt Gitarrenbausatz PR$-Style von David Bergmann Gitarrenbausatz ES-Style von Wolfgang Hoborn Gitarrenbausatz BC Warlock-Style von Thomas Hühn Gitarrenbausatz S-Style 12-saitig von Thomas Rieck Gitarrenbausatz T-Style von Theo Sistig Gitarrenbausatz LP-Style von Falk Florenz Gitarrenbausatz S-Style von Klaus Peter Schwerdt Gitarrenbausatz Flying-Style von Thomas Rieck Gitarrenbausatz T-Style von Reinhard Nickschas Gitarrenbausatz J-master Style von Bernd Brieskorn Gitarrenbausatz ES-Style von Georg Freund Gitarrenbausatz BC-Mocking Style von Stefaan van den Branden Gitarrenbausatz ES-Style von Klaus P. Fehr Gitarrenbausatz SG-Style von Klaus P. Fehr Bassbausatz Rockbass-Style Fabian Hollweck Gitarrenbausatz Headless II von Stefaan Van den Branden Gitarrenbausatz LP Junior-Style von Stefaan Van den Branden Bassbausatz ""Green Apple"" von Stefaan van den Branden Gitarrenbausatz RR-Flying von Stefaan Van den Branden Gitarrenbausatz Headless mit Amp von Stefaan Van den Branden Bassbausatz 5-Saiter Andre Achard Gitarrenbausatz SG-Style von Holger Heni Gitarrenbausatz S-Style Double Neck von Wolgang Gruber Gitarrenbausatz S-Style von Willi Kiefer Gitarrenbausatz Les Paul von Till Pera Gitarrenbausatz BC Warlock-Style von Paolo Rivelli Gitarrenbausatz Explo-Style von Reinhard Nickschas Gitarrenbausatz T-Style 9-saitig!!! von Hans Peter Holzer Gitarrenbausatz T-Style von Lamoral Kloss Gitarrenbausatz S-Style von Thomas Schulte-Ebbert Gitarrenbausatz S-Style 12-saitig von Luca Cantarini Gitarrenbausatz JEM-Style von Uwe Borowski Gitarrenbausatz PR$-Style von Mathias Nölting Gitarrenbausatz PR$-Style von Florian Plenk Gitarrenbausatz J-master Style von Frank Göbel Gitarrenbausatz T-Style von Bram Ruyzenarrs Gitarrenbausatz LP-Style: Felix Ort Gitarrenbausatz LP-Stylel: Gundolf Henkel Gitarrenbausatz LP-Style von Ludger Altkemper Gitarrenbausatz LP und PR$-Style von M.Studer Gitarrenbausatz JEM-Style von Lukas Müller Gitarrenbausatz S-Style von Christian Sedelmayer Gitarrenbausatz LP-Style von Christian Ochs Gitarrenbausatz ES-Style von Christian Ochs Gitarrenbausatz S-Style von Karl Heinz Bertnik Gitarrenbausatz SG-Style von Franzi Gitarrenbausatz ES-Style von Udo ""Gun`y"" Dombrowski Gitarrenbausatz aged T-Style von Staudi Gitarrenbausatz 2 x T-Style von Staudi Gitarrenbausatz LP-Style ""in Leder"" von Jörg Nikolai Gitarrenbausatz S-Styler Gitarrenbausatz JEM-Style Gitarrenbausatz LP-Style Gitarrenbausatz Flying-Style von Franz Zellner << Zurück Nach oben ⇑ ⇑ ©2017 ML Factory® - Gitarrenbau, Gitarrenreparatur, GitarrenShop • Gitarren Hardware kaufen, Gitarren Elektrik bestellen, Hardware, Elektrik Gitarre Gitarrenbausatz kaufen, Gitarren Bausatz bestellen, Gitarre bauen. Welchen Bausatz für eine E-Gitarre kaufen? eCommerce Engine © 2006 xt:Commerce ShopsoftwareLoading..."
63,hamburgerjungs.de," Hamburger Jungs | Der Onlineshop für Jungs & Deerns Sehr gut4.56/5.00Zertifiziert seit 24.07.2015×Zertifizierter Shop Dieser Online-Shop verwendet Cookies für ein optimales Einkaufserlebnis. Dabei werden beispielsweise die Session-Informationen oder die Spracheinstellung auf Deinem Rechner gespeichert. Ohne Cookies ist der Funktionsumfang des Online-Shops eingeschränkt. Bist Du damit nicht einverstanden, klicke bitte hier. x Suche Du hast Dein Passwort vergessen? Kein Problem, hier kannst Du ein neues Passwort einrichten. Deine E-Mail-Adresse:: Bitte Wert angeben! Bitte gib eine gültige E-Mail-Adresse ein Passwort anfordern Nachdem Du den 'Passwort anfordern'-Knopf angeklickt haben, schicken wir Dir eine E-Mail zu, mit der Du Dein Passwort ändern kannst. Sollten Sie innerhalb der nächsten Minuten KEINE E-Mail mit Ihren Zugangsdaten erhalten, so überprüfen Sie bitte: Haben Sie sich in unserem Shop bereits registriert? Wenn nicht, so tun Sie dies bitte einmalig im Rahmen des Bestellprozesses. Sie können dann selbst ein Passwort festlegen. Sobald Sie registriert sind, können Sie sich in Zukunft mit Ihrer E-Mail-Adresse und Ihrem Passwort einloggen. Wenn Sie sich sicher sind, dass Sie sich in unserem Shop bereits registriert haben, dann überprüfen Sie bitte, ob Sie sich bei der Eingabe Ihrer E-Mail-Adresse evtl. vertippt haben. Sollten Sie trotz korrekter E-Mail-Adresse und bereits bestehender Registrierung weiterhin Probleme mit dem Login haben und auch keine ""Passwort vergessen""-E-Mail erhalten, so wenden Sie sich bitte per E-Mail an: service@hamburgerjungs.de Anmelden Anmelden Passwort merken Passwort vergessen? Anmelden | Registrieren Warenkorb (0): 0,00 € AKTUELLES Rundschreiben Aktionen Motive MOTIVE Jungs Deerns Hamburg Sport Fun SORTIMENT T-Shirts Poloshirts Hemden Sweatshirts Jacken Kappen KLASSISCHES MUSIK «» Stop123 Service: Kontakt Warenkorb Konto Informationen: Impressum AGB Datenschutz Zahlung und Lieferung Widerrufsrecht Newsletter: Melde Dich für den Newsletter an und erhalte tolle Angebote. Abonnieren Du hast Fragen? Wir helfen Dir Gerne! Brosch Textil e.K. Stadtbahnstr. 19 22393 Hamburg Telefon: 040 / 63 68 48 56 E-Mail: service@hamburgerjungs.de Öffnungszeiten: Montags: 10.00 - 14:00 Uhr Di. - Fr.: 10:00 - 18:00 Uhr Samstag: 10:00 - 13:00 Uhr Öffnungszeiten in den Ferien: Mo, Mi, Fr.: 10.00 - 14:00 Uhr Di, Do.: 10:00 - 18:00 Uhr Samstag: geschlossen So kannst Du bezahlen: PayPal Sofortüberweisung Bleibe in Kontakt: Facebook Twitter Google+ © 2014-2017 - Brosch Textil e.K. / Hamburger Jungs - Alle Rechte vorbehalten. * inkl. MwSt., zzgl.Versandkosten PrevNextZertifikat prüfenKäuferschutzbedingungenAlle Bewertungen Impressum Datenschutz+Maximieren×SchließenSehr gut4.56/5.00Zertifizierter ShopZertifikat prüfenKäuferschutzbedingungenAlle Bewertungen Impressum Datenschutz–Minimierenhamburgerjungs.de×KäuferschutzSie können sich nach dem Einkauf für die kostenlose Trusted Shops Mitgliedschaft Basic anmelden, inkl. Käuferschutz bis je 100 € für den aktuellen Einkauf sowie für Ihre weiteren Einkäufe in deutschen Shops mit dem Trusted Shops Gütesiegel.Mit Trusted Shops PLUS (inkl. Garantie) werden Ihre Einkäufe sogar bis je 20.000 € durch den Käuferschutz (inkl. Garantie) abgesichert, für 9,90 € pro Jahr inkl. MwSt. bei einer Mindestvertragslaufzeit von 1 Jahr. Die Absicherungsdauer des Käuferschutzes pro Einkauf beträgt in beiden Fällen 30 Tage.Es gelten die Mitgliedschafts- und Käuferschutzbedingungen.Zertifiziertseit 24.07.2015Käuferschutzbis zu 20.000 €×KundenbewertungenDie Note „Sehr gut“ berechnet sich aus den 13 Trusted Shops Bewertungen der letzten 12 Monate, die im Bewertungsprofil eingesehen werden können.24KundenbewertungenSehr gut4.56/5.0006.05.2017Alles Top.Michael M24.05.2017Mit Bestellung sehr zufrieden. Service hatte mich noch zweimal per E-Mail für Rückfragen angeschrieben. So geht Service Die Shirts haben eine tolle Qualität. Werde auch künftig Bestellungen dort aufgeben.25.12.2016Alles wundervoll geklappt.... lieben Dank... ;)"
64,hefe-und-mehr.de," Hefe und mehr | Ein Blog rund ums Brot backen – Rezepte und Tipps für Anfänger und Fortgeschrittene für selbst gebackenes Brot aus eigenem Ofen – Brotbackkurse und Backkurse für Feingebäck im Umland von Köln StartseiteÜber mich Bücher Brotbackkurse Brot-Back-Theorie Vorteige und Starter Rezept-Index lade... 18. Dezember 2017 Zimtsterne Kategorie Weihnachtsplätzchen Schlagwörter: Kekse, Liebling, Mandeln, Marzipan, Weihnachten, Zimt 4 Kommentare Krank sein kann auch seine gute Seiten haben. Denn ohne den doofen Infekt, der mich in der ersten Dezemberwoche so gründlich ausser Betrieb gesetzt hatte, wäre ich nie über dieses Rezept gestolpert. Auf das Sofa verbannt schaute ich “Hier und Heute” und beobachtete erst amüsiert, dann leicht neidisch, wie Stefan Pinnow sich durch die Sendung naschte. Ein um den anderen Zimtstern fand unauffällig den Weg zum Moderator. Ich fand das sehr sympathisch – hätte aber gerne ein paar eigene Zimtsterne zum Verkosten gehabt, denn seiner Miene nach mussten sie schier köstlich zu sein. Die Zimtsterne landeten also sofort auf meiner imaginären Nachbackliste – das Rezept von Marcel Seeger hatte ich mir zu dem Zeitpunkt schon längst heruntergeladen und abgespeichert. Und am vergangenen Wochenende konnte ich – endlich wieder fit – das Rezept testen. Und ich verstehe jetzt, warum diese Zimtsterne so verführerisch sind. Supersaftig, superlecker, ein Rezept für die Favoritenliste! Weiterlesen → 16. Dezember 2017 Sandwichbrot mit Emmer Kategorie Brot Schlagwörter: Butter, Ei, Emmer, Hagebutten, Malz, Poolish 11 Kommentare Mit Emmer- oder Einkorn-Vollkorntoastbroten habe ich mich in diesem Jahr immer wieder herumgeärgert. Das Problem war immer die Kombination von einem schwachen Glutennetzwerk des “Urkorns” und die ebenfalls das Glutennetzwerk-schwächende Kleie aus dem Vollkornmehl. Die Krume entsprach nie meinen Ansprüchen. Auch das Beimischen von Dinkelvollkornmehl brachte nicht das gewünschte Ergebnis. Das perfekte Rezept habe ich somit immer noch nicht ausgetüfftelt – ich bleibe aber dran. Man braucht ja auch im nächsten Jahr noch Herausfoderungen! Solange habe ich zur Entspannung erstmal ein Sandwichbrot mit hellem Weizenmehl und 30 Prozent Emmer-Vollkornmehlanteil gebacken. Weiterlesen → 8. Dezember 2017 Vesper-Wecken Kategorie Brötchen, Übernacht Schlagwörter: Flohsamenschale, Süßer Starter, Über-Nacht 5 Kommentare Meine Erkältung ist anhänglich, aber inzwischen geht es den Bakterien mit Antibiotikum an den Kragen und ich hüte weiter das Sofa. Währenddessen essen wir uns langsam durch die Brotvorräte im Gefrierschrank. Das hat ja auch Vorteile – sobald ich wieder fit bin, kann ich mich austoben 🙂 Und ich arbeite mich nicht nur durch die Vorräte im Gefrierschrank sondern finde auch weitere Juwelen in den unveröffentlichten Posts. Warum dieses Rezept aus dem Sommer aus meinem Blickfeld gerutscht ist, weiß ich nicht mehr. Vielleicht war es der Trubel vor den Sommerferien, der mich sie vergessen ließ. Aber es wäre schade, wenn es nicht veröffentlicht würde. Die Brötchen waren nämlich ausnehmend lecker. Getrieben werden sie nur durch etwas süßem Starter und durch die kalte Stockgare bekommen sie ein tiefgründiges Aroma mit einer minimalen Säure. Damit sind sie für mich eher für herzhaften Belag geeignet – Vesper-Wecken halt. Weiterlesen → 3. Dezember 2017 Schokoladen-Panettone Kategorie Besondere Gelegenheiten, Kuchen und Gebäck, Weihnachtsplätzchen Schlagwörter: Kakao, Orange, Schokolade, Süßer Starter, Weihnachten, Zitrone 13 Kommentare So hatte ich mir den ersten Advent nicht vorgestellt: Mit einer dicken Erkältung hocke ich heute auf der Couche, anstatt meiner Lieblingsentspannung am Wochenende nachzugehen und etwas schönes für die Weihnachtszeit zu backen. Das Ganze hat aber auch etwas Gutes: Ich habe in den noch nicht veröffentlichteten Rezepten gestöbert und die Schokoladen-Panettone wiederentdeckt, die ich letztes Jahr kurz vor Weihnachten gebacken habe. Es ist eine köstliche Variante zur klassichen Panettone – schokoladig mit Hauch von Zitrusaroma. Getrieben wird auch diese Variante nur mit Hilfe meines triebfreudigen süßen Starters. Und natürlich kann man auch alle anderen Spielarten fester Sauerteig (ob sie sich nun gerade Lievito madre, Fermentstarter oder Lievito nauturale nennen) verwenden, solange – und das ist wichtig – sie keine vordergründige Säurenote mitbringen und sich bei 30°C innerhalb von maximal 3 Stunden verdoppeln. Und mit dieser leckeren Variante des Vorjahres im Hinterkopf sitze ich jetzt hier und grübele darüber, was ich dieses Jahr wohl backen werden… Weiterlesen → 1. Dezember 2017 Weihnachtsgebäck–Eine Rezeptübersicht Kategorie Dies und das Schlagwörter: Rezeptübersicht 4 Kommentare Ich liebe die Weihnachtsbäckerei und so wächst meine Weihnachtsrezepte-Sammlung von Jahr zu Jahr. Im Rezeptindex haben die Plätzchen, Gebäck und anderen Leckereien deshalb sogar eine eigene Kategorie. Für unseren weihnachtlichen Keksteller sind bei uns besonders Liebesgrübchen, Linzer Ringe und Vanillekipferl Pflicht. Und Und da ich diesen Samstag aber arbeiten muss und nicht viel zum Backen kommen werde, gibt es heute pünktlich zum ersten Dezember zumindest eine Übersicht von allen Köstlichkeiten: Weiterlesen → 25. November 2017 Kamut-Kanten Kategorie Brötchen Schlagwörter: Flohsamenschale, Kamut, weizenfrei 8 Kommentare In meiner Tüte mit hellem Kamutmehl waren nach dem Brot von letzter Woche noch 400g Mehl übrig, die verwendet werden wollten. Und so sind diese köstlichen Brötchen entstanden.Sie enthalten süßen Starter aus Dinkelmehl, der aus dem Kühlschrank heraus verwendet wird. Er dient so weniger dem Ofentrieb und mehr der Geschmacksentwicklung. Und durch die lange Stockgare wird das Aroma sehr fein. Die nussigen Noten des Kamutmehls harmoniert sehr gut mit der komplexen Aromaprofil des gereiften Starters. Beim Kneten müsst ihr darauf achten, dass ihr den Teig nicht überknetet, denn Kamut ist noch etwas empfindlicher als Dinkel – das weiß ich aus bitterer Erfahrung bei der Rezeptentwicklung. Darum knete ich den Teig lieber kurz und falte ihn regelmäßig. Dann entwickelt er einen schönen Stand und ist sehr gut händelbar. Kamut ist definitiv das pflegeleichteste der “Urkorn”-Familie. Weiterlesen → 19. November 2017 Kamut-Packerl Kategorie Brot Schlagwörter: Holzbackofen, Kamut, nur mit Hefe, Poolish, weizenfrei Ein Kommentar Nach einer sehr ausgiebigen Rezeptentwicklung für den vergangen “Getreideschätze”-Backkurs finden sich in meinem Vorrat im Moment ganz viele kleine Mehlreste. Unter anderem stand im Schrank noch ein halbes Packet helles Kamutmehl, das ich vor der Entscheidung für einen reinen Vollkornkurs gekauft hatte. Und so habe ich den letzten Holzbackofen-Tag im Heimatmuseum dafür genutzt, den Vorrat ein wenig abzubauen und habe ein reines Kamutbrot gebacken. Für die Holzbackofen-Tage setze ich immer wieder gerne auf eine kalte Stockgare über Nacht. Das entspannt den Backtag immer wieder ganz enorm. Der Zeitplan für dieses Brot ist folgender: am Vortag um 7 Uhr den Vorteig angesetzt, am Abend um 19 Uhr wird der Teig geknetet. Am Backtag dann wird das Brot gegen 10.30 Uhr geformt und wandert um 12 in den Ofen. Weiterlesen → 12. November 2017 Es ist wieder Zeit für Christstollen… Kategorie Dies und das Schlagwörter: Christstollen 15 Kommentare Um zu sagen, dass es November ist, braucht es bei mir keinen Blick in den Kalender . Ein Blick in die Blog-Statistik ist mehr als genug – von Tag zu Tag steigen jetzt die Zugriffszahlen auf die Christstollen-Rezepte. Und ich weiß, nicht nur ich backe an diesem Wochenende meinen geliebten saftigen Stollen. Und wie im jedem Jahr gibt es darum einen kleinen “Service-Post” mit allen wichtigen Links zu meinen Stollen-Rezepten. Denn obwohl ich das Ursprungsrezept immer noch unverändert backe, gibt es inzwischen auch einige Geschwister-Rezepte für meinen Stollen. Inzwischen gibt es: Weiterlesen → 9. November 2017 Berchtesgadener Stuck zum Bloggeburtstag Kategorie Brötchen, Regionale Brote Schlagwörter: Fenchel, Koriandersaat, Korinthen, Kümmel, Malz, Nelken, nur mit Hefe, regional, regionale Brote, regionale Brotsorten, Roggen, Roggenpoolish, Zimt 16 Kommentare Wie an jedem Bloggeburtstag habe ich die Neigung, das Alter des Blogs mit den Worten “Ist das zu glauben” zu versehen. Mit mittlerweile 9 Jahren fühlt sich der Blog ein wenig wie ein Mammut in modernen Zeiten an. Ähnlich wie Micha denke ich dabei hin und wieder mit ein etwas Nostalgie an die vergangenen Zeiten, als die Bloggerwelt noch klein und übersichtlich und oft auch werbefrei war. Hefe und mehr ist bis heute werbefrei geblieben – worauf ich schon immer sehr viel Wert gelegt habe! Als der Blog noch in den Kinderschuhen steckt, hatte auch jeder Blog auch noch einen Blogroll. Ein Blogroll ist dabei nichts weiter als eine Linkliste mit Lieblingsblogs. Was habe ich mich stundenlang durch die Blogrolls mit den Favoriten der anderen geklickt und dabei so manchen neuen Liebling für mich entdeckt.So mancher meiner Lieblingsblog von damals ist inzwischen aber nicht mehr aktiv (ihr findet sie bei mir in einem seperaten Blogroll). Um so mehr freue ich mich auch heute noch, wenn ich auf neue, interessante Blogs stoße, die sich aus dem Masse herausheben. Weiterlesen → 3. November 2017 Basler Brot Kategorie Brot Schlagwörter: Malz, Poolish, Ruchmehl 9 Kommentare Die Trends beim Brotbacken erinnern mich manchmal an die Modewelt. War in den letzten Jahren französische Mehle “in”, so ist es im Moment eher das Schweizer Ruchmehl. Allen Trends zum Trotz kaufe ich mein Mehl lieber bei meiner lokalen Mühle, bei der der Dinkel aus dem Bergischen Land und der Weizen aus dem Rheinland stammt – ähnlich wie Arndt Erbel backe ich gerne mit dem, was vor meiner Haustüre wächst. Und glaube wie er, das es bei einem guten Brot eben auch auf das Gespür des Bäckers für den Teig ankommt. Klar, nur hochwertige Zutaten geben hochwertige Brote – aber die kann man durchaus auch vor der eigenen Haustüre finden. Meine Regel ist einfach: Ich kaufe vor Ort, was es vor Ort gibt. Dann macht das Reisen viel mehr Spass, weil es mehr zu entdecken gibt. Und so ist bei einem Ausflug in die Schweiz natürlich auch Ruchmehl in den Einkaufskorb gewandert – denn andere Mehle ausprobieren macht mir ja schon Spass. Weiterlesen → 123...102030...»Letzte » Sprachen Deutsch English (UK)Suche Suche nach: FAQ Die Antworten auf die häufigsten Fragen zum Thema Brot backen gibt es hier! Brotbackkurse Die Termine für die Backkurse im Sommer 2018 sind jetzt online!Brote mit Tradition gesucht Über Brot ""Der Geruch des Brotes ist der Duft aller Düfte. Es ist der Urduft unseres irdischen Lebens, der Duft der Harmonie, des Friedens und der Heimat."" Jaroslav Seifert (1901-86), tschech. Schriftsteller Meine Bücher Hier könnt ihr meine Bücher - nach Wunsch signiert - direkt bei mir bestellen: Büchershop Brotbacken für Anfänger Alle Rezepte der Blog-Reihe ""Brotbacken für Anfänger"" gibt es hier Kalender Dezember 2017 M D M D F S S « Nov 123 45678910 11121314151617 18192021222324 25262728293031 Abonieren Newsletter Möchtest du per Mail informiert werden, wenn ein neuer Blogpost online geht? Dann trage dich in unseren Newsletter ein! Email * Blogroll Chili und Ciabatta Cucina e piu Deichrunners Küche Der Brotdoc Farine grain de sel Homebaking – The Art of Baking Ketex-Der Hobbybrotbäcker Kochpoetin Küchenlatein MaLu's Köstlichkeiten Plötzblog Sara Bakar Schnuppschüss ihr Manzfred Schwarzmarkt Köln Stephi's Köstlichkeiten Trollenland Nicht mehr aktiv Bäcker Süpke's Welt Bread cetera Chaosqueen's Kitchen fool for food Lite mer bröd My discovery of bread Pain de martin Pane and companatico paules ki(t)chen Rekas Blog Schlammdackel Weekend Loafer Wild Yeast Archive Archive Monat auswählen Dezember 2017 November 2017 Oktober 2017 September 2017 August 2017 Juli 2017 Juni 2017 Mai 2017 April 2017 März 2017 Februar 2017 Januar 2017 Dezember 2016 November 2016 Oktober 2016 September 2016 August 2016 Juli 2016 Juni 2016 Mai 2016 April 2016 März 2016 Februar 2016 Januar 2016 Dezember 2015 November 2015 Oktober 2015 September 2015 August 2015 Juli 2015 Juni 2015 Mai 2015 April 2015 März 2015 Februar 2015 Januar 2015 Dezember 2014 November 2014 Oktober 2014 September 2014 August 2014 Juli 2014 Juni 2014 Mai 2014 April 2014 März 2014 Februar 2014 Januar 2014 Dezember 2013 November 2013 Oktober 2013 September 2013 August 2013 Juli 2013 Juni 2013 Mai 2013 April 2013 März 2013 Februar 2013 Januar 2013 Dezember 2012 November 2012 Oktober 2012 September 2012 August 2012 Juli 2012 Juni 2012 Mai 2012 April 2012 März 2012 Februar 2012 Januar 2012 Dezember 2011 November 2011 Oktober 2011 September 2011 August 2011 Juli 2011 Juni 2011 Mai 2011 April 2011 März 2011 Februar 2011 Januar 2011 Dezember 2010 November 2010 Oktober 2010 September 2010 August 2010 Juli 2010 Juni 2010 Mai 2010 April 2010 März 2010 Februar 2010 Januar 2010 Dezember 2009 November 2009 Oktober 2009 September 2009 August 2009 Juli 2009 Juni 2009 Mai 2009 April 2009 März 2009 Februar 2009 Januar 2009 Dezember 2008 November 2008 KategorienKategorien Kategorie auswählen Besondere Gelegenheiten Botanisches Bread Baking Day Brot Brotback-Theorie Brotbacken für Anfänger Brötchen Das Buch zum Blog Dies und das Eis Geschenke aus der Küche Getränke Gewürze Hauptgericht Impressionen Käse Knäckebrot, Zwieback und Co Kuchen und Gebäck kulinarischer Adventskalender Nachspeise Neues Nicht-Vegetarisch Pasta Regionale Brote Soßen und Aufstriche Starter und Vorteige Tarte & Quiche Technisches Übernacht von Hand geknetet Weihnachtsplätzchen World Bread Day Yeastspotting SchlagwörterAnfänger Apfel Brötchen Butter Buttermilch Dinkel Ei Hafer Hand-geknetet Himbeere Honig Joghurt Kardamom Kartoffeln laktosefrei Leinsamen Malz Mandeln Mohn nur mit Hefe Nuss Nüsse Orangen Ostern Poolish Pâte fermentée Quark regional regionale Brotsorten Roggen Rosinen Sahne Sauerteig Schokolade Sesam Süßer Starter Vanille Vollkorn Water roux Weihnachten Weizen weizenfrei Wie mache ich ... Zimt Über-Nacht Meta Anmelden Beitrags-Feed (RSS) Kommentare als RSS WordPress.org Impressum This work is © 2008-2017 by Stefanie Herberth. Hefe und mehr is powered by WordPress. Theme by Jan & Stefanie "
65,hexim.de," Innendekor und Fassadendekor - HEXIM Online-Shop Zahlungsarten Bankdaten Versand Partner Kontakt Suche: Erweiterte Suche HEXIM Warenkorb Kasse Registrieren Sie sind hier: Home Kategorien Decke Balken & Bretter Deckenplatten Flachleisten glatt Flachleisten mit Musterung Kuppeln LED-Stuckprofile Paneele Rosetten Runde Deckenspiegel Segmente Zierleisten glatt Zierleisten mit Musterung Wand 3D Paneele Balken & Bretter Dekorative Profile Dekorelemente Dekormosaic Dekorplatten Dekorsteine Flachleisten glatt Flachleisten mit Musterung Fliesenprofile Isoliertapeten Kabelkanal Konsolen Kaminportale Nischen Paneele Pilaster Runde Wandspiegel Säulen, Halbsäulen Segmente Türumrandungen Wandtafeln Boden Ausgleichsprofile Klemmprofile Sockelprofile Stufenteppichstangen Trittschalldämmung Übergangsprofile Vinylboden Winkelprofile Fassade Bossensteine Fassadenprofile Fensterbankprofile Gesimsprofile Pilaster LED-Fassadenprofile Säulen, Halbsäulen Regenrinnensysteme Schlusssteine LED Fassadenprofile Dekorelemente Rigipsprofile Sockelprofile Stuckprofile Möbel Hocker Sessel Sitz-Pouf Sofa Baustoffe Bastlerprofile Bauprofile Klebstoffe Weiteres Brunnen Musterstücke Restposten Skulpturen Werkzeug Zubehör Großhandel Sparpakete 3D Paneele Bossensteine Decken- / Wandpaneele Deckenplatten Dekorsteine Fassadenprofile Fensterbankprofile Flachleisten glatt Flachleisten mit Musterung Fliesenprofile Gesimsprofile Isoliertapeten Klebstoffe Kabelkanal LED Stuckprofile Rinnen & Rohre Rosetten Sockelleisten Trittschalldämmung Trockenbau Vinylboden Zierleisten glatt Zierleisten mit Musterung Kategorien Decke - Balken & Bretter - Deckenplatten - Flachleisten glatt - Flachleisten mit Musterung - Kuppeln - LED-Stuckprofile - Paneele - Rosetten - Runde Deckenspiegel - Segmente - Zierleisten glatt - Zierleisten mit Musterung Wand - 3D Paneele - Balken & Bretter - Dekorative Profile - Dekorelemente - Dekormosaic - Dekorplatten - Dekorsteine - Flachleisten glatt - Flachleisten mit Musterung - Fliesenprofile - Isoliertapeten - Kabelkanal - Konsolen - Kaminportale - Nischen - Paneele - Pilaster - Runde Wandspiegel - Säulen, Halbsäulen - Segmente - Türumrandungen - Wandtafeln Boden - Ausgleichsprofile - Klemmprofile - Sockelprofile - Stufenteppichstangen - Trittschalldämmung - Übergangsprofile - Vinylboden - Winkelprofile Fassade - Bossensteine - Fassadenprofile - Fensterbankprofile - Gesimsprofile - Pilaster - LED-Fassadenprofile - Säulen, Halbsäulen - Regenrinnensysteme - Schlusssteine LED - Fassadenprofile - Dekorelemente - Rigipsprofile - Sockelprofile - Stuckprofile Möbel - Hocker - Sessel - Sitz-Pouf - Sofa Baustoffe - Bastlerprofile - Bauprofile - Klebstoffe Weiteres - Brunnen - Musterstücke - Restposten - Skulpturen - Werkzeug - Zubehör - Großhandel Sparpakete - 3D Paneele - Bossensteine - Decken- / Wandpaneele - Deckenplatten - Dekorsteine - Fassadenprofile - Fensterbankprofile - Flachleisten glatt - Flachleisten mit Musterung - Fliesenprofile - Gesimsprofile - Isoliertapeten - Klebstoffe - Kabelkanal - LED Stuckprofile - Rinnen & Rohre - Rosetten - Sockelleisten - Trittschalldämmung - Trockenbau - Vinylboden - Zierleisten glatt - Zierleisten mit Musterung Information Kataloge Zertifikate Videopräsentation Verarbeitungshinweise Herzlich Willkommen in unserem Webshop! ‹ › 12345678910 Bei uns finden Sie hochwertige Dekorationen für den Innenraum und für die Außenfassade zu Top Preisen!Geben Sie Ihrem Zuhause ein neues Gesicht mit Hilfe unserer dekorativen Produkten. Mit den Produkten aus unserem Shop verschönern Sie Ihr Haus, Büro, Apartment oder Ihre Wohnung. Wir bieten unseren privaten und gewerblichen Kunden, qualitätsreiche Ware zu fairen Preisen an. Sparpakete frei Haus 3D Paneele Bossensteine Paneele Deckenplatten Dekorative Profile Dekorsteine Fassadenprofile Fensterbankprofile Flachleisten glatt Bordüren Gesimsprofile Isoliertapeten Klebstoffe LED Stuckprofile Rasterdecke Rosetten Sockelleisten Trittschalldämmung Trockenbau Stuck glatt Stuck gemustert Highlights 2 Meter Stuckleiste Dekorleiste Eckleiste Innen hart 50x50mm, E-14 Preis: 1,30 EUR inkl. 19% MwSt. Versandkosten: 5,90 EUR Kaufen » 2 Meter PVC Sockelleiste Modern, Fußleiste, Kabelkanal, Sockel 23x65mm, 101A Preis: 2,73 EUR inkl. 19% MwSt. Versandkosten: 5,90 EUR Kaufen » 1 m2, Paneele 3D Platten Wandpaneele 3D Wandplatten Wand Decke, 62x80cm ELEANOR Preis: 14,19 EUR inkl. 19% MwSt. Versandkosten: kostenfrei Kaufen » Neu eingetroffen 2 Meter Edelstahl L-Form Winkelprofil Fliesenleiste Abschlussleiste, HEX100 Preis: 8,59 EUR inkl. 19% MwSt. Versandkosten: 5,90 EUR Kaufen » 2 Meter PVC RainWay Regenrinnensystem Regenwasser Regenrinne DACHRINNE Preis: 5,36 EUR inkl. 19% MwSt. Versandkosten: 5,90 EUR Kaufen » Warenkorb Sie haben noch keine Artikel in Ihrem Warenkorb. Einloggen Email: Passwort: Bei uns zahlen Sie bequem und schnell mit PayPal. Unsere Kaufabwicklung istdurch SSL gesichert. Bewerten Sie unseren Shopbei Ekomi Haben Sie Fragenzu unserem Onlineshop? Lesen Sie Antworten! Downloads & Informationen Information Kataloge Zertifikate Videopräsentation Verarbeitungshinweise Bildergalerie Innen- und Außendekor Beispiele HEXIM International www.hexim-international.com 3D Elite Panels www.3d-panels.eu Händlerbund Kontaktdaten Büro, Lager: Firma HEXIMZur Alten Werre 7, 32584 Löhne Tel.: 05731-9829072Fax: 05731-9829074E-Mail: info@hexim.deWhatsApp: 0152-52671383 Arbeitszeiten Montag bis Freitag:07:00 - 16:00 Uhr Wir sprechen Deutsch, Englisch, Russisch,Polnisch Alle Rechte vorbehalten© 2017 HEXIM Shop Datenschutz Widerrufsrecht AGB Impressum Shopsoftware by plentyMarkets Template by Poiser Studio "
66,himmelpfort-kaffee.de," Kaffee | Espresso | Mahlkönig | - Himmelpfort Kaffee JavaScript scheint in Ihrem Browser deaktiviert zu sein. Sie müssen JavaScript in Ihrem Browser aktivieren, um alle Funktionen in diesem Shop nutzen zu können. Mein Benutzerkonto Mein Warenkorb Zur Kasse Anmelden Suche: Suche 0 Produkte Kürzlich hinzugefügte Artikel Sie haben keine Artikel im Warenkorb. kostenloser Versand ab 75 € Service-Hotline 033 0 80 - 40 48 38 100% sichere Zahlung Kaffee Espresso Tee Kaffeemühlen Ersatzteile Mahlkönig Vario Home Mahlkönig K30 Mahlkönig Guatemala - Kenia Barazta Encore Mahlscheiben Reinigung Kaffeezubehör Cafés & Firmen > > prevnext123 Himmelpfort Kaffee Unsere Bestseller Guatemala 5,95 € Inkl. 7% MwSt., zzgl. Versandkosten Bonavita Wasserkocher 92,95 € Inkl. 19% MwSt., zzgl. Versandkosten Baratza Encore 128,95 € Inkl. 19% MwSt., zzgl. Versandkosten Weltreise 5,95 € Inkl. 7% MwSt., zzgl. Versandkosten 23,80 € / 1 Kilogramm (kg) Espresso Bar #7 5,95 € Inkl. 7% MwSt., zzgl. Versandkosten 23,80 € / 1 Kilogramm (kg) Himmelpfort Kaffee Kundenservice Den besten Kaffee schnell und einfach über das Internet verfügbar zu machen – das hat sich Himmelpfort Kaffee zur vordringlichen Aufgabe gemacht. Dabei legen wir größten Wert auf eine schnelle, unkomplizierte Bestellung und Lieferung sowie auf höchste Kundenzufriedenheit. Ganz in diesem Sinne bieten wir Ihnen unseren kompetenten und individuellen Service. Für Ihre Anfragen stehen wir Ihnen sehr gern telefonisch und per E-Mail zur Verfügung. Individuelle Kundenanfragen sind bei uns nicht nur jederzeit möglich, sondern erwünscht. Ein guter Kundenservice steht für uns bei Himmelpfort Kaffee an erster Stelle. Dieser reicht von einer kompetenten, individuellen Beratung über kulante Reklamationsbearbeitung bis hin zu persönlicher Beratung vor Ort. Wir möchten uns bei Ihnen schon jetzt für das uns entgegengebrachte Vertrauen bedanken. Wir werden auch in Zukunft stets ein offenes Ohr für Ihre Belange haben. Über Uns Kaffee ist das meist-konsumierte Getränk der Welt. Um diesen riesigen Durst zu stillen, wurden großen Mono-Plantagen errichtet, die schlechte Qualität produzieren. Das Entstehen dieser Plantagen hat zu Entwaldungen geführt und Bodenerosion verursacht, den Lebensraum von Tieren zerstört und das Land mit Pestiziden, Herbiziden und chemischen Düngemitteln vergiftet. In der Regel ist so eine Plantage im Besitz eines wohlhabenden einzelnen Unternehmers, der einheimische Arbeitnehmer unter schlechten Bedingungen mit minimalem Lohn beschäftigt. Zum Glück gibt es aber viele kleine Kaffeebauern in den Kaffee produzierenden Ländern, die Kaffee seit mehreren Generationen anbauen. Sie haben ihre Betriebe dem natürlichen Umfeld angepasst und diese mit Schatten spendenden Bäumen umweltschonend integriert. Hier werden weder Pestizide noch Herbizide oder chemische Düngemittel verwendet. Diese Kaffeebauern produzieren viele unterschiedliche Sorten Kaffee. Und genau das sind die Betriebe, die wir für unseren Kaffee suchen, um so den besten Kaffee rösten zu können. Für einen richtig guten Kaffee sind nicht nur Anbau und Ernte der Bohnen entscheidend, sondern auch das Rösten des Kaffees. Bei uns in der Himmelpforter Kaffeerösterei geschieht das im traditionellen Trommelröstverfahren. Und das aus gutem Grund. Über Himmelpfort Kaffee Himmelpfort Kaffee – dahinter verbirgt sich vollendeter Kaffeegenuss. Ausgangspunkt dafür ist die sorgfältige Auswahl aus einigen der besten Kaffees der Welt. Die schonende Langzeitröstung im handwerklichen Trommelröstverfahren sorgt außerdem für eine sehr gute Verträglichkeit der Bohnen. Bei der Auswahl unserer Kaffees sind für uns vor allem zwei Kriterien entscheidend: höchste Qualität und Nachhaltigkeit. Unsere Bohnen handeln wir zu Preisen, die weit über dem Weltmarktpreis liegen. Denn beste Kaffeequalität ist nur dann auf Dauer zu garantieren, wenn man auch einen Beitrag dafür leistet, um die Fruchtbarkeit der Böden in den Ursprungsländern zu erhalten sowie den Kaffeebauern und ihren Familien gute Lebensbedingungen zu sichern. Kleines Sortiment, groß im Geschmack Wer heute Kaffee oder Tee kauft - ob im Supermarkt oder auch im Internet – steht vor einem scheinbar unerschöpflichen Angebot. Wenn man dann nicht genau weiß, was man will, verliert man schnell den Überblick. Himmelpfort Kaffee hat sich ganz bewusst auf wenige, sehr sorgfältig ausgewählte Kaffee- und Teesorten beschränkt. Das Plus für Sie: Auf diese Weise bekommen Sie erlesenen Kaffee und Tee von ausgesuchter Qualität, sodass Sie sicher sein können, schnell und treffsicher Ihren Lieblingskaffee und auch Ihren Lieblingstee zu finden. Mahlkönig Mühlen Seit über 80 Jahren ist MAHLKÖNIG die weltweit führende Marke im Bereich der Qualitätsmühlen für professionelle Anwender. Das MAHLKÖNIG-Logo steht für Innovations- und Qualitätsführerschaft. Zur Firmenphilosophie des renommierten Unternehmens gehört, dass die Produkte von eigenen Mitarbeitern entwickelt und im Hamburger Werk nach individuellen Kundenwünschen und Bedürfnissen gefertigt werden. Dabei setzt die Firma auf Deutschland als Produktionsstandort und möchte diesen in Zukunft noch weiter ausbauen. Die Produktion von Kaffeemühlen ist ein komplexer Vorgang, der mit vielen Einzelschritten und sorgfältiger Handarbeit verbunden ist. Über uns Über uns Kontakt Impressum Service Zahlungsarten Versandkosten & Lieferung Newsletter Sitemap Rechtliches Widerrufsrecht Datenschutz AGB Facebook Twitter Google +1 Twittern © 2017 Himmelpfort Kaffee. Alle Rechte vorbehalten. "
67,hollandrad.de," Hollandräder in toller Auswahl! | Hollandrad Online-Shop Berlin // var Translator = new Translate({""Please select an option."":""Bitte w\u00e4hlen Sie eine Option."",""This is a required field."":""Dies ist ein Pflichtfeld."",""Please enter a valid number in this field."":""Bitte geben Sie eine g\u00fcltige Nummer in dieses Feld ein."",""The value is not within the specified range."":""Der Wert ist nicht innerhalb des erlaubten Bereichs."",""Please use letters only (a-z or A-Z) in this field."":""Bitte verwenden Sie nur die Zeichen (a-z oder A-Z) in diesem Feld."",""Please use only letters (a-z), numbers (0-9) or underscore(_) in this field, first character should be a letter."":""Bitte benutzen Sie nur Buchstaben (a-z), Ziffern (0-9) oder Unterstriche (_) in diesem Feld, das erste Zeichen sollte ein Buchstabe sein."",""Please use only letters (a-z or A-Z) or numbers (0-9) only in this field. No spaces or other characters are allowed."":""Bitte tragen Sie nur Buchstaben (a-z oder A-Z), bzw. Zahlen (0-9) in dieses Feld ein. Keine Freizeichen oder andere Zeichen sind erlaubt."",""Please use only letters (a-z or A-Z) or numbers (0-9) or spaces and # only in this field."":""Bitte verwenden Sie nur Buchstaben (a-z oder A-Z), Zahlen (0-9) und Freizeichen oder # f\u00fcr dieses Feld verwenden."",""Please enter a valid phone number. For example (123) 456-7890 or 123-456-7890."":""Bitte geben Sie eine g\u00fcltige Telefonnummer ein. Zum Beispiel (123) 456-7890 oder 123-456-7890."",""Please enter a valid fax number. For example (123) 456-7890 or 123-456-7890."":""Bitte tragen Sie eine g\u00fcltige Faxnummer ein. Zum Beispiel (123) 456-7890 oder 123-456-7890."",""Please enter a valid date."":""Bitte geben Sie ein g\u00fcltiges Datum ein."",""Please enter a valid email address. For example johndoe@domain.com."":""Bitte geben Sie eine g\u00fcltige E-Mail Adresse ein. Zum Beispiel johndoe@domain.de."",""Please use only visible characters and spaces."":""Bitte nur sichtbare Zeichen verwenden."",""Please enter 7 or more characters. Password should contain both numeric and alphabetic characters."":""Bitte geben Sie 7 oder mehr Zeichen ein. Ein Passwort sollte sowohl aus Ziffern wie aus Buchstaben bestehen."",""Please make sure your passwords match."":""Bitte stellen Sie sicher, dass Ihre Passw\u00f6rter \u00fcbereinstimmen."",""Please enter a valid URL. Protocol is required (http:\/\/, https:\/\/ or ftp:\/\/)"":""Bitte geben Sie eine g\u00fcltige URL ein. M\u00f6gliche Protokolle (http:\/\/, https:\/\/ or ftp:\/\/)"",""Please enter a valid URL. For example http:\/\/www.example.com or www.example.com"":""Bitte geben Sie eine g\u00fcltige URL ein. Zum Beispiel http:\/\/www.beispiel.de oder www.beispiel.de"",""Please enter a valid XML-identifier. For example something_1, block5, id-4."":""Bitte geben Sie einen g\u00fcltigen XML-Identifizierer an. Zum Beispiel irgendetwas_1, block5, id-4."",""Please enter a valid social security number. For example 123-45-6789."":""Bitte geben Sie eine g\u00fcltige Sozialversicherungsnummer ein. Zum Beispiel 123-45-6789."",""Please enter a valid zip code. For example 90602 or 90602-1234."":""Bitte geben Sie eine g\u00fcltige Postleitzahl ein. Zum Beispiel 21335."",""Please enter a valid zip code."":""Bitte geben Sie eine g\u00fcltige Postleitzahl ein."",""Please use this date format: dd\/mm\/yyyy. For example 17\/03\/2006 for the 17th of March, 2006."":""Bitte benutzen Sie dieses Datumsformat: tt\/mm\/jjjj. Zum Beispiel 17\/03\/2006 f\u00fcr den 17. M\u00e4rz 2006."",""Please enter a valid $ amount. For example $100.00."":""Bitte geben Sie einen g\u00fcltigen Betrag ein. Zum Beispiel 100,00 \u20ac."",""Please select one of the above options."":""Bitte w\u00e4hlen Sie eine der oberen Optionen."",""Please select one of the options."":""Bitte w\u00e4hlen Sie eine der Optionen."",""Please select State\/Province."":""Bitte Land\/Bundesland w\u00e4hlen."",""Please enter a number greater than 0 in this field."":""Bitte geben Sie eine Zahl gr\u00f6\u00dfer 0 in dieses Feld ein."",""Please enter a number 0 or greater in this field."":""Bitte tragen Sie eine Zahl 0 oder gr\u00f6\u00dfer in dieses Feld ein."",""Please enter a valid credit card number."":""Bitte geben Sie eine g\u00fcltige Kreditkartennummer ein."",""Credit card number does not match credit card type."":""Kreditkartennummer entspricht nicht Kreditkartentyp."",""Incorrect credit card expiration date."":""Falsches Kreditkarten Ablaufdatum."",""Please enter a valid credit card verification number."":""Bitte tragen Sie eine g\u00fcltige Kreditkarten-Pr\u00fcfnummer ein."",""Please use only letters (a-z or A-Z), numbers (0-9) or underscore(_) in this field, first character should be a letter."":""Bitte nur Buchstaben (a-z or A-Z), Zahlen (0-9) oder Unterstriche(_) in diesem Feld verwenden, das erste Zeichen sollte ein Buchstabe sein."",""Text length does not satisfy specified text range."":""Text L\u00e4nge entspricht nicht der gesetzten Bereichs."",""Please enter a number lower than 100."":""Bitte tragen Sie eine Zahl ein die niedriger wie 100 ist."",""Please enter issue number or start date for switch\/solo card type."":""Bitte geben Sie eine Vorgangsnummer oder ein Startdatum switch\/solo Karten an."",""Please wait, loading..."":""Bitte warten, wird geladen..."",""This date is a required value."":""Das Datum ist eine ben\u00f6tigte Angabe."",""Complete"":""Vollst\u00e4ndig"",""Add Products"":""Artikel hinzuf\u00fcgen"",""Please choose to register or to checkout as a guest"":""Bitte registrieren Sie sich, oder gehen Sie als Gast zur Kasse"",""Please specify shipping method."":""Bitte bestimmen Sie die Versandart."",""Your order cannot be completed at this time as there is no payment methods available for it."":""Ihre Bestellung kann momentan nicht abgeschlossen werden, da keine Bezahlmethoden daf\u00fcr verf\u00fcgbar sind."",""Please specify payment method."":""Bitte bestimmen Sie die Bezahlmethode."",""Add to Cart"":""In den Warenkorb"",""In Stock"":""Lieferbar"",""Out of Stock"":""Ausverkauft""}); // Wir verwenden in unserem Shop Cookies. Wenn Sie auf der Seite weitersurfen stimmen Sie der Cookie-Nutzung zu. Schließen Offizieller Partner: Hollandrad Berlin Suche Los Anmelden Benutzerkonto Mein Fahrradkorb 0,00 € Hollandräder Über uns Blog Laden in Berlin JavaScript seems to be disabled in your browser. Sie müssen JavaScript in Ihrem Browser aktivieren um alle Funktionen in diesem Shop nutzen zu können. Produktkategorien HOLLANDRAD Klassiker ALLE Klassiker im Überblick GAZELLE - Klassiker Damen GAZELLE - Klassiker Herren GAZELLE - Tour Royal ACHIELLE Manufaktur - Hollandrad à la carte ACHIELLE Manufaktur - lagernd, sofort lieferbar BATAVUS - Old Dutch Klassiker DUTCH ORIGINALS - hollandrad.de Hausmarke CORTINA - Soul Fahrradklassiker GREENS - gut & günstig HOLLANDRAD City & Urban ALLE modernen Hollandräder (Übersicht) BATAVUS City & Transport CORTINA FIETSEN Utility & Urban Bikes GAZELLE Van Stael & Urban Bikes GAZELLE Dutch Lifestyle & Cargobikes HOLLANDRAD E-Bikes ACHIELLE Hollandrad E-Bikes, klassisch CORTINA E-Bikes: urban, preiswert, praktisch GAZELLE E-Bikes & E-Cargobikes FAMILIE & TRANSPORT URBAN ARROW Family & Cargobikes GAZELLE Bloom & Cabby KIDS Kinder- und Jugendfahrräder GAZELLE & Co. Fahrradteile ALLE GAZELLE TEILE BELEUCHTUNG Scheinwerfer Rückleuchten, Reflektoren Dynamos, Halter etc. LED Freizeitleuchten Glühbirnen AKKUS für Gazelle BREMSEN Bremshebel / Bremsgriffe Bremszüge Bremsbeläge für Trommelbremsen Gestänge- und Kleinteile SCHALTUNG Schalter Schaltzüge Schaltkettchen Kleinteile TRETLAGER & Zubehör Tretlager / Innenlager Kurbeln Ketten Kleinteile PEDALE GRIFFE LENKER & VORBAU SATTEL aus Kunststoff SATTEL von Brooks aus Leder SATTEL von Lepper aus Leder SATTEL Stützen & Kloben SCHUTZBLECHE & ZUBEHÖR Schutzbleche Streben Schmutzfänger Kleinteile & Befestigung MANTELSCHONER & ROCKSCHUTZ KETTENKASTEN FAHRRADSTÄNDER GEPÄCKTRÄGER vorne & LASTENTRÄGER GEPÄCKTRÄGER hinten REIFEN & SCHLÄUCHE LAUFRÄDER & Zubehör Vorderrrad Hinterrad Ritzel GABELN LACK & LACKSTIFTE ZUBEHÖR Körbe, Kisten etc. ACCESSOIRES mit Charme FAHRRADKÖRBE Übersicht - alle Artikel Fahrradkörbe für Hunde Weidenkörbe für vorne Transportweidenkörbe Körbe für vorne Fahrradkörbe für hinten Halter für Vorderradkörbe KISTEN & KRATEN FAHRRADTASCHEN aus NL KINDERSITZE VORNE KINDERSITZE HINTEN TOOLS & PFLEGE GLOCKEN / KLINGELN / HUPEN LUFTPUMPEN FAHRRADSCHLÖSSER ACCESSOIRES AUS LEDER BROOKS Sättel & Taschen Brooks Sättel für Hollandräder Brooks Sättel für Sporträder Brooks Griffe Brooks Tool Bags Brooks Körbe & Accessoires Brooks Bags & Rucksäcke Brooks Reise Packtaschen (Panniers) Brooks Tools & Pflege Brooks Regenschutz & Capes BEKLEIDUNG & HELME CYCLE IN STYLE Regenschutz & Regencapes ABUS Fahrradhelme GESCHENKEFINDER ZU WEIHNACHTEN GESCHENKE mit Stil GESCHENKGUTSCHEINE % SALE - Sonderangebote & Gebrauchte SONDERANGEBOTE Fahrräder GEBRAUCHTE Hollandräder SONDERANGEBOTE Accessoires & Teile Ausgewählte Hollandräder & Zubehör aus unserem Online-Shop Achielle Craighton PickUp Transport, Herren - individuell - 780,00 € Erfahren Sie mehr DUTCH ORIGINALS Gepäckträgerkorb im Rattan Look, retro schilf-braun 54,90 € Erfahren Sie mehr Transportfiets Set: Steco Lastenträger & Rattan Look Korb in Schilf Braun 89,90 € Erfahren Sie mehr DUTCH ORIGINALS Winterangebot ""Groene Denne"" Hollandrad Classic Regulärer Preis: 549,00 € Special Price 499,00 € Erfahren Sie mehr Moderne und ästhetische Fortbewegung mit dem Hollandrad Auf hollandrad.de präsentieren wir Ihnen unsere Qualitätsräder der führenden Hersteller. Aus dem breiten Angebot aus dem Bereich Hollandfahrrad wählen Sie das zu Ihnen passende Fahrrad-Modell aus. Wir unterstützen Sie dabei gerne. Sie finden bei uns bewährte Hollandrad Klassiker ebenso wie ein modernes Citybike für Damen und Herren. Dazu zählt heute auch immer mehr das innovative E-Bike. Wir decken damimt die gesamte Produktpalette der Hollandräder ab. Unsere Produkte zeugen von unserer Leidenschaft in Bezug auf die niederländische Fahrradkultur, die wir von Berlin aus in ganz Deutschland und Österreich, mithilfe eines umfangreichen Services, verbreiten möchten. Hollandvelos liefern wir auch in die Schweiz oder auf Wunsch an Ihren Wunschort nahe der Schweizer Grenze. Unsere Firma ist für Sie da: online oder vor Ort in Berlin Holland als Mutterland der Qualitätsfahrräder und deren spannende Geschichte Der Kontakt zu unseren Kunden und Partnern sowie exzellenter Service sind uns wichtig Unsere Produktkategorien Hollandräder ⯈ Hollandrad Klassiker ⯈ Hollandrad City & Urban Bikes ⯈ Hollandrad E-Bikes ⯈ Familie & Transport Fahrradteile und Zubehör ⯈ Fahrradteile & -ersatzteile ⯈ Fahrradzubehör ⯈ Brooks Fahrradsättel & -taschen ⯈ Fahrradbekleidung und Fahrradhelme Das Hollandfahrrad als Triebfeder unserer Arbeit Seit über 15 Jahren verfolgen wir unsere Mission, das besondere Feeling und Design echter Hollandfahrräder an unsere Kunden zu vermitteln und mit Einblicken über uns und unsere Arbeit immer mehr Menschen für diese Art der Fortbewegung zu begeistern. Dank unserer geschätzten Partner und den Herstellern wie bspw. Achielle, Batavus, Gazelle oder Cortina ist es uns möglich, das ideale Hollandfahrrad genau für Sie anzubieten und darüber hinaus persönliche Beratung und einen Fachwerkstatt-Service in unserem Laden in Berlin zu gewährleisten. Einige Fakten über uns: die beste Hollandrad Beratung vor Ort in der Hauptstadt Gazelle Store in Berlin plus eigenem Webshop Hollandrad Klassiker jetzt auch in München bei LiveCycle persönlich abholen Batavus Premium Händler in Berlin sehr schneller Versand aus unserem großen Lager größte Auswahl an Hollandrädern in ganz Deutschland Manufaktur Hollandräder – handgebaut nach Ihren Wünschen Hausmarke Dutch Originals und Sondermodelle von Gazelle (z. B. Tour Royal – eine geschützte Marke) Neben den zahlreichen Ausführungen, die ein Hollandfahrrad haben kann, finden Sie bei uns außerdem hochwertige Zusatzartikel und Erweiterungen sowie limitierte Kollektionen und besondere Modelle, die Sie genau Ihren Wünschen entsprechend zusammenstellen können, z. B. bei Achielle Fahrrädern. Für jeden Geschmack ist etwas dabei und obwohl es sich bei unseren Produkten um Premiumware handelt, weisen wir Sie gern auf häufige Sonderangebote hin, die Ihr Interesse wecken könnten. Wir sind in stetigem Austausch mit unseren Partnern und Kunden und haben den Ansporn, immer neue spannende Variationen vom Hollandfahrrad für Sie anzubieten. Unsere Topseller Gazelle Tour Royal Edition No.3 ""Transportfiets"" Damen 979,00 € Erfahren Sie mehr DUTCH ORIGINALS Hollandrad Classic, grün SPECIAL 489,00 € Erfahren Sie mehr Gazelle Van Stael Urban Bike für Damen, 7 Gang Freilauf, pistacchio 829,00 € Erfahren Sie mehr Gazelle Tour Populair Special Edition, 8-Gang mit Freilauf, champagne Regulärer Preis: 899,00 € Special Price 849,00 € Erfahren Sie mehr Achielle Babette Fahrrad für Damen, individuell konfigurierbar 665,00 € Erfahren Sie mehr Gazelle Van Stael Urban Bike für Herren, 7 Gang Freilauf, petrol 829,00 € Erfahren Sie mehr Das Hollandrad und seine Historie Die Geschichte der Hollandräder ist noch gar nicht so alt und entwickelte sich erst gegen Ende des 19. Jahrhunderts, in dem die ersten Hersteller der Niederlande sich an englischen Vorbildern orientierten. Das Fahrrad boomte auch in den Niederlanden. Aus der ursprünglichen Kopie entwickelte sich bald ein verbessertes Produkt, das wir in Deutschland heute als Hollandfahrrad bezeichnen und das weltweit als authentisches niederländisches Produkt wahrgenommen wird. In den Niederlanden erfreute sich das Hollandrad, das einfach Fiets genannt wird, in der Stadt und auf dem Land großer Popularität. Seine großen Stärken sind vor allem die legendären Fahreigenschaften, die hohe Qualität und sprichwörtliche Langlebigkeit. Eigenschaften, auf dies es als normales, alltägliches Fortbewegungsmittel nach wie vor hauptsächlich ankommt. Zu den typischen Merkmalen eines Hollandrades zählt die aufrechte Sitzposition des Fahrradfahrers, die außerdem gesundheitsförderlich ist. Sie kommt dadurch zustande, dass der Abstand zwischen Lenker und Sattel vergleichsweise kurz ist. Die Arme fallen einfach runter. Ein gut federnder, breiter Sattel, wahlweise auch aus Leder, macht das Fahren auf dem Hollandrad sehr bequem. Die kompakten Räder, meist mit Rücktrittbremse ausgestattet, weisen standardmäßig einen Vollkettenschutz auf und verfügen über einen verstärkten Radschutz und stabilen Schutzblechen aus Metall. Dank des geschlossenen Kettenschutzes, auch Kettenkasten genannt, vermindert sich der Wartungsaufwand. Der richtige Gang wird über eine Nabenschaltung eingestellt. Damenräder sind zudem bekannt für den sogenannten Hollandbogen, der das Auf- und Absteigen sehr erleichtert. Zu den gängigsten und markantesten Modellen der Hollandräder gehören Klassiker mit Stahlrahmen, der sehr robust sind und sich einfach mit Seitentaschen aufrüsten lassen sowie urban bikes oder das moderne niederländische Stadtrad bzw. Transportrad. Stadträder erfreuen sich seit langer Zeit großer Beliebtheit und werden als Citybike auch heute sehr gern in der Großstadt gefahren. Obwohl man jedes Hollandfahrrad zum Transport von Lasten oder einem Kind gut nutzen kann, sind besondere Transporträder mit speziellem Pick-Up-Gestell aus Metall vorne am Lenker für Kisten und Körbe äußerst begehrt. Bei Auswahl und Kauf Ihres neuen Hollandrades stehen wir an Ihrer Seite In Sachen Hollandfahrrad haben Sie bei uns eine riesige Auswahl. Das gilt nicht nur hinsichtlich des Hollandrades an sich, sondern auch für zahlreiche Zusatzoptionen und nützliches Zubehör, sowie adäquate Bekleidung und Helme. Um sich ein wenig näher mit den Modellen der Erbauer und vieler weiterer spannender Themen auseinanderzusetzen, empfehlen wir Ihnen einen Blick in unseren Blog. Überlegen Sie sich genau, welche Vorstellungen bezüglich Ihres neuen Fahrrades Sie haben und stellen Sie sich folgende Fragen: Wofür benötigte ich mein neues Hollandrad? Welche Hollandräder sind für meine Bedürfnisse geeignet? Wie viel Zoll sollen es sein, welche Rahmenhöhe wird benötigt? Welcher Stil gefällt mir am besten? Bei welcher Marke entdecke ich Fahrräder mit dem richtigen Charme für meinen Geschmack? Habe ich Lust auf ein klassisches Retro- oder Nostalgierad? Will ich das Hollandrad vor Ort besichtigen oder wähle ich ein Modell aus dem Shop? Kann ich es abholen und welche Preisspanne setze ich mir für die Extras? Das Thema ist spannend und wirkt komplex, aber wir nehmen Sie als Kunden gerne mit und bei offenen Fragen entdecken sie in unseren FAQ womöglich bereits einige wichtige Antworten und Hinweise. Wenn die Suche erfolgreich abgeschlossen ist, können Sie auf Wunsch direkt mit dem gefüllten Warenkorb zur virtuellen Kasse und den Bestellvorgang sowie die Bezahlung unkompliziert abschließen. Bei etwaigen weiteren Fragen und Anregungen rund um Ihr neues Hollandfahrrad oder die Auswahl unserer Hollandräder allgemein, nutzen Sie doch einfach den Kontakt und melden sich bei uns. Wir freuen uns auf Ihre Nachricht sowie Ihre Anregungen und helfen Ihnen gern weiter. Ihr Hollandrad.de Team Ersatzteile und stillvolle Accessoires einfach online ordern oder in unseren Shops in Berlin Mitte oder Kreuzberg oder in München bei LiveCycle begutachten, testen und abholen.Die von uns angebotenen Original Hollandräder, Accessoires und Teile sind perfekte Begleiter für die Stadt - ansprechend gestaltet, technisch auf der Höhe der Zeit. Sie finden bei uns wartungsarme, anständige Räder für jeden Tag und viele Zwecke. Authentische Hollandräder vom GAZELLE HÄNDLER DES JAHRES 2014 GAZELLE STORE BERLIN - Kreuzberg Merken Merken Merken Merken Merken Merken Merken Merken Merken Merken Merken Merken Merken Merken Merken Merken Merken Hollandrad.de Story Laden & Werkstatt Leasing Versicherung Rent a Bike Jobs Kundenservice Versand & Lieferung Bestellvorgang FAQ Suchbegriffe Erweiterte Suche Informationen AGB Widerruf Datenschutz Site Map Impressum Kontakt Hollandrad.de Zossener Str. 58 10961 Berlin 030 - 340 447 42 Zum Kontaktformular © 2017 Hollandrad "
68,holzland-brinkmann.de," Holz-Fachhandel - besser als der Baumarkt - HolzLand Brinkmann in Bielefeld Karriere|Anfahrt|Kontakt Navigation StartseiteSortimentKatalogeKonfiguratorenUnser ServiceUnternehmenHolzinfosSonderangebote Böden Ein schöner Boden ist die Grundlage für jede Einrichtung Türen An einer schönen Tür kommt niemand vorbei Holz im Garten Holz ist der natürliche Werkstoff für den Garten Wand & Decke Paneele - vielseitig einsetzbar, für raffinierte Akzente Bauen mit Holz Arbeiten wie die Profis - natürlich mit den Produkten vom Holzfachhandel Lagerware Unser Lagersortiment als Download Facebook Besuchen Sie uns bei Facebook und werden Sie HolzLand Brinkmann Fan! Unser Sortiment Entdecken Sie das Beste aus Holz! Sie finden bei uns alles zum Bauen und Ausbauen und für den Garten, ansprechend präsentiert in unseren Ausstellungen. Böden Türen Holz im Garten Wand & Decke Bauen mit Holz Lagerware Facebook ‹ › Sonderangebote360 Grad Rundgang >Unser aktueller Hauskatalog Unser Service für Sie > Herzlich Willkommen bei HolzLand Brinkmann, Ihrem Holzfachhandel in Bielefeld und für die Kreise Herford, Gütersloh und Lippe. Entdecken Sie bei uns Wohnideen für Ihr Zuhause oder Ihren Garten. HolzLand Brinkmann bietet Ihnen eine umfassende Ausstellung, eine große Auswahl, Qualität und Beratung durch kompetente Mitarbeiter. In der Ausstellung zeigen wir Ihnen über 90 Innentüren, viele Bodenmuster, Sichtblenden, Gartenhäuser und Terrassendielen. Vertrauen Sie unserer Erfahrung, die wir mit unserem Unternehmen seit der Gründung im Jahr 1932 auf dem Markt sammeln konnten. Auf unserem 18.000 qm großen Gelände lagern Platten, Schnitthölzer, Bretter, Kanthölzer, Latten, Hobelwaren, Holzschutzfarben und Zubehörartikel die auf Ihre Verarbeitung warten. HolzLand Brinkmann GmbH Braker Straße 1233729 Bielefeld Tel. 05 21 / 5 60 32 - 0Fax 05 21 / 5 60 32 - 32 info(at)holzland-brinkmann.de Anfahrt Unsere Öffnungszeiten:Mo - Fr:8.00 bis 18.00 UhrLager:7.00 bis 18.00 UhrSa:9.00 bis 13.00 Uhr Schautag Jeden 1. + 3. Sonntag im Monat 14.00 - 17.00 Uhr ohne Beratung und Verkauf Sortiment BödenTürenHolz im GartenWand & DeckeBauen mit HolzZubehörLagersortiment ImpressumAGBsDatenschutzerklärungKarriere "
69,hosting-agency.de," Hosting-Agency ist Teil der dogado Familie Login Webmailer Hosting-Agency ist nun Teil der dogado Familie seit vielen Jahren war die Hosting-Agency Ihr zuverlässiger Partner für Webhosting und Domains. Wir freuen uns Sie heute darüber informieren zu können, dass nun die dogado GmbH (www.dogado.de) alle Leistungen für Sie unverändert weiterführen wird. Als ehemalige Eigentümer möchten wir einen Schritt zurücktreten, dafür haben wir mit der dogado GmbH den perfekten Partner gefunden..Für Sie als Kunde wird sich dadurch quasi nichts ändern: Ihre Dienstleistungen werden wie gewohnt erbracht. Mein Team und ich persönlich stehen Ihnen zukünftig gerne helfend zur Seite. Ansprechpartner und neuer Vertragspartner ist ab sofort die dogado GmbH. Support kontaktieren Hosting seit über 15 Jahren Seit 2000 entwickelt dogado innovative Cloud Services für kleine und mittlere Unternehmen. Neben einer stabilen und modernen Hosting-Infrastruktur erwartet Sie als Kunde auch ein mehrfach ausgezeichneter technischer Support. Wir begleiten Ihr Unternehmen in die Cloud! Webhosting Cloud Server Hosted Exchange Domains dogado - Ihr Cloud Hosting Spezialist Unser Erfolg: Expertise und Hingabe mit Innovations-Charakter 99% Kundenzufriedenheit Wir diskutieren nicht, sondern lösen das Problem unnachgiebig. Alles andere ist für uns nicht akzeptabel. Unsere Kundenzufriedenheit von über 99% beweist diesen herausragenden Service! Intuitive Produkte Unsere Cloud-Produkte sind einfach zu bedienen. Mit dem von uns entwickeltem CloudPit stellen wir eine einfache Web-Oberfläche zur Verfügung, um Ihre Cloud-Services zu nutzen. Bestes Preis-Leistungsverhältnis Unsere Angebote sind modular aufgebaut, sodass Sie Leistung und Preis selbst bestimmen können, um Ihre Web-Anwendungen und IT-Workloads sicher, qualitativ hochwertig aber günstig zu betreiben. Du möchtest Teil der dogado Familie werden? Gerne, wir suchen stets nach engagierten Mitarbeitern mit einem Herz für IT! Karriere bei dogado © Copyright 2017 dogado GmbH | Impressum "
70,hs-bremen.de," Hochschule Bremen - HSB Startseite | Studium Bachelor und Master studieren + Weiterbildung Schnell-Navigation: zur Volltext-Suche zur Personen-Suche zu dem Seiteninhalt Hochschule Bremen - University of Applied Sciences |Kontakt| Anfahrt| Presse| English Version| Top-Themen Top-Themen: Aktivierung Benutzerkonto CampInO HIP-Server Studienberatung Rückmeldung Online-Bewerbung Modulanmeldung Raum-Finder Webmail Hochschule Bremen Studium Forschung Weiterbildung Internationalität Kultur Einrichtungen Startseite| Informationen für:Absolventinnen und Absolventen Erstsemester Journalistinnen und Journalisten Karriere an der HSB Mitarbeiterinnen und Mitarbeiter Studieninteressierte Studierende Unternehmen Erweiterte Suche Zwischen Weihnachten und Neujahr bleibt die HSB geschlossen Doktorand der Hochschule Bremen gewinnt Wettbewerb - Von Deichschutz bis Zivilisationskrankheiten: Symposium in Osnabrück mit Doktorandinnen und Doktoranden dreier Hochschulen Fahrradquartier mit Modellcharakter Wissenschaft und Kunst im Dialog: In der Bionik wird die Strömungslehre durch Tanzkonzepte bereichert „Hochschule Bremen setzt wichtige Impulse für die Entwicklung der Logistik in der Region“ - Diskussions-Plattform über „Digitalisierte Logistik“ Zusammenarbeit mit Shanghai Dianji University intensiviert Verleihung des HSB Innovationspreises und Vergabe der Deutschlandstipendien Hochschulluft schnuppern? „Rent a Student“ geht wieder an den Start - Anmeldung ab sofort möglich Angehende Freizeitwissenschaftler bieten themenorientierten Stadtführungen an | Nächster Termin: 6. Januar „Dynamik adaptiver Netzwerke am Beispiel des Schleimpilzes Physarum polycephalum“- Öffentliches Bionik-Seminar am 9. Januar, 17 Uhr 10. Januar, 13 Uhr: „Silchester: Urban Regeneration“ - Öffentliche Vorlesungsreihe zur Mittagszeit Infoveranstaltung zum Studiengang Soziale Arbeit (auch dual) am 11. Januar, 17.30 Uhr Open Evening der berufsbegleitenden MBA und Master am 17. Januar 2018, 18 Uhr Aktuelle Diskurse und Forschungsergebnisse zur Lebensqualität - Öffentliche Fachtagung am 19. Januar 10. Februar, 15 Uhr | meetMINT: ""Schiffe bauen, Umwelt schützen - Ist das etwas für mich?"" für Schülerinnen ab Klasse 7 Zertifikatskurs „Sozialpsychiatrische Fachkraft in der Arbeit mit Familien“ startet im Februar „Bildungsberatung und Kompetenzentwicklung“: Praxisbegleitende Weiterbildung startet im März 2018 Übersicht| Impressum| Webanalyse| Datenschutzhinweise Access Keys: [Alt + 0] - Startseite [Alt + 1] - zum Seitenanfang [Alt + 2] - Inhaltsverzeichnis [Alt + 3] - Impressum Loading..."
71,hundeleben-exklusiv.de," Exklusive Hundemode | Hundetaschen Luxus | Hundezubehör SCHÖNER GASSIAUSGEHFEINNAPF & TAFELSCHÖNHEITSSCHLAFSPIEL & SPASSBEAUTY & WELLNESSREISELUSTHUND MIT STILFELD & FLURHEIM & GARTENLESEN & SCHREIBENKUNST & KUNSTGEWERBESAISONALESGESCHENKE GUTSCHEINE BESTSELLER NEU EINGETROFFEN! Home · Anmelden · Kontakt · Newsletter · Impressum · Aktuelles Messhilfe · Versand · Zahlungsarten · Widerrufsbelehrung · AGB · Datenschutz Warenkorb 0 Artikel Exklusive Hundemode, Hundebetten und luxuriöse Accessoires bei HundeLeben Exquisites Hundezubehör für anspruchsvolle Frauchen und Herrchen Exklusive Hundemode, wunderschöne Hundebetten, Luxus-Hundetaschen und allerlei Zubehör für Hund und Halter finden Sie im hochwertigen Sortiment von HundeLeben. Der Hund ist der beste Freund des Menschen. Drum zeigen Sie Ihrem Vierbeiner, wie gern Sie ihn haben, mit erlesenem Hundezubehör, das Luxus und Behaglichkeit ausstrahlt. Im Jahr 2009 haben wir unsere Hundeboutique in Erftstadt-Lechenich zwischen Bonn und Köln eröffnet. Seit 2010 können Hundeliebhaber exklusive Hundebetten und Hundesofas, Hundemode und modische Accessoires auch in unserem Onlineshop bestellen. Lassen Sie sich von den neuesten Trends für Ihre vier Pfötchen bei einem virtuellen Schaufensterbummel oder in unserem Ladenlokal inspirieren. Exklusive Hundemode für tierische Trendsetter Nicht nur Sie, auch Ihr Hund liebt den Luxus. Bei HundeLeben finden Hundebesitzer edle und exklusive Hundemode, die glamouröse Optik und bedingungslose Funktionalität auf höchstem Niveau miteinander verbindet. Halten Sie Ihren Vierbeiner mit kuscheligen Pullovern, Mänteln, Socken und Schals auch an frostigen Tagen schön warm, sodass der Partner mit der kalten Schnauze auch ausgedehnte Winterspaziergänge genießen kann. Passend zum Outfit präsentieren wir Ihnen zudem exklusive Hundehalsbänder. Wer ein exklusiv designtes Exemplar für sein Tier bevorzugt, der wird bei HundeLeben in jedem Fall fündig. Bestellen Sie jetzt die neuen Modelle für Hundetaschen im Luxus-Design! Mit einer Hundetasche, etwa von Marys Nap oder Cloud7, können Sie Ihren Schatz bequem mit sich herumtragen, wenn ihm einmal die Pfoten schwer werden. Alle Hundetaschen im Luxus-Segment überzeugen durch zauberhafte Designs, eine hochwertige Verarbeitung und bieten kleinen Hunden und Welpen unvergleichlichen Komfort. In unserem speziellen Mops-Shop finden Sie ähnliche Produkte, die extra für die kleinen Lieblinge gefertigt worden sind. Hundebett und Sofa - traumhafte Schlaf- und Liegeplätze Hunde sind äußerst aktive Tiere, die gerne ihrem ausgeprägten Bewegungsdrang nachgehen. Dennoch verspürt auch Ihr Partner nach ereignisreichen Tagen das Verlangen, eine wohlverdiente Ruhepause einzulegen. Damit der Schlaf die versprochene Erholung auch hält, bestellen Sie bei uns exklusive Hundebetten und Hundesofas. Für Urlaub und Reisen können Sie außerdem spezielle Hundedecken kaufen, die sich einfach zusammenrollen und transportieren lassen, ohne überall Haare und Fell zu hinterlassen. Schmuck und Spielzeug für Hunde runden unser Sortiment ab Wir führen eine große Auswahl an Schmuckanhängern für Halsbänder und Hundespielzeug namhafter Hersteller, deren Fabrikate durch hervorragende Qualität und gute Haltbarkeit überzeugen. Für Fragen, Anregungen, Tipps und Wünsche rund um unsere exklusive Hundemode oder andere Produkte aus unserer Hundeboutique stehen wir Ihnen immer gerne zur Verfügung. Ihre und das Team von HundeLeben-exklusiv.de Marken bei HundeLeben - Hundezubehör, Hundebedarf, Dekoideen für Heim & Garten Die besten Marken und Luxuslabel für Ihren Hund in einem Shop. Bestellen Sie bequem online oder erwerben Sie einen Gutschein für exklusive Hundemode, Hundezubehör, Hundebedarf und Deko-Ideen für Heim und Garten. Bellomania - Glamour, Luxus und Qualität! Exklusive Halsbänder, Leinen, Näpfe, Hundebetten und -kissen Cheny & Friends - Die besondere Delikatesse für besondere Hunde! Feinste Gourmet-Biscuits in Bio-Qualität Cloud7 - Finest Interiors for Dogs & Dog Lovers Daps - das leckere Mahl für Ihren Hund. 100% deutsche Lebensmittelqualität. Dogs Department - Trendlable aus den Niederlanden, Design und Qualität für große und kleine Hunde Dogs in the City - urbane und trendstarke Hundekissen, Hundedecken und Hundebetten made in Germany Doog - Hundespaziergang einfacher, sauberer und grüner mit dem preisgekrönten Walkie Belt Fat Cat - Famoses und witziges Spielzeug für alle Fellnasen Fiddler's Elbow - Dekorations- und Geschenkideen für Heim & Garten Flexi - Freiheit an der Leine, das bewährte Rollleinen-System made in Germany Fussenegger - Hundedecken in flauschig weicher Qualität Happytails - Pflegeprodukte, Wellness für Ihren Vierbeiner Hundekleid - entwirft Lieblingsteile für Ihren Hund. Hundemäntel, -decken, -kissen, -betten uvm. Hunter Dog Sport - Tradition die verpflichtet! Bewährte Qualität rund um hochwertige Produkte für den Hund InnoPet - Hundebuggy, Hundetrolly, Hundefahrradanhänger, Hundetransporttasche LaCrosse - Bequemes, trendiges Schuhwerk für den Hundehalter Lillibed - Original Schweizer Qualität mit Liebe und Sorgfalt für Ihren Hund hergestellt Mary's Nap - Hundeträume werden wahr! Das mobile Hundekörbchen mit elegantem Design MiaCara - für Hunde mit Charakter. Hundekissen, Hundedecken, Näpfe uvm. Northern Moods - exklusive und handgefertigte Hundehalsbänder und Hundeleinen Paraperro - Hundekissen für den Hund von Welt Petstages - Spielzeug für ein aktives und gesundes Hundeleben Puppia - stets up to date, trendige Softgeschirre und Hundebekleidung Side by side - Design aus Werkstätten für Menschen mit Behinderung TG&L - Quality Style & More. Individuelle Hundebetten, Hundekissen und Hundedecken Tigerherz Verlag - Spiele, Bücher und Postkarten für den Hundefreund Waifs & Strays - Britisches Understatement mit Stil und Klasse in handwerklich perfekter Verarbeitung eCommerce Engine © 2006 xt:Commerce Shopsoftware"
72,immo24.de, Immo24 - Immobilien Online - mieten und kaufen - vermieten und verkaufen Immo24 Impressum - Immo24 
73,immoauktionen.de,"Immobilienversteigerung, Immobilien Versteigerung oder Immobilien Versteigerungen, Immobilien Auktionen Wir führen Immobilienversteigerung / Immobilien Versteigerung online durch - Immobilien Auktionen! Immobilien Auktionen iframe -> will not be supported ... Immobilien-Alert | Newsletter | Presse | Über uns | HilfeImmobilie einstellenNEU AnmeldungMeine ImmoImmobilien:KautionsfreiBewertenAnzeigenEnergieausweisRechnerNasenschilderUnser Franchisekonzept Was suchen Sie? Objektart Vermarktung Wo suchen Sie? Im Umkreis... BeliebigZimmer oder WGWohnungHausGrundstückBüro, PraxenEinzelhandelGastgewerbeHallen, Lager, ProduktionLand und ForstwirtschaftFreizeitimmobilieZinshaus, RenditeobjektSonstigeBeliebigKaufenMietung, pachtenErbpachtenLeasen5 km10 km20 km30 km50 km75 km100 kmSuchenHaus kaufen|Haus mieten|Wohnung kaufen|Wohnung mieten|Grundstück kaufen|Gewerbeimmobilien|Auslandsimmobilien0Bayern0Baden-Württemberg5Brandenburg0Berlin0Bremen1Hamburg3Hessen3Mecklenburg-Vorpommern4Niedersachsen70Nordrhein-Westfalen0Rheinland-Pfalz0Sachsen-Anhalt2Schleswig-Holstein0Saarland1Sachsen0ThüringenImmobilie der Woche! Keine Objekte gefunden! Die günstigsten Immobilien!Immobilien-Alert!@Sobald eine NEU! eingestellte Immobilie mit Ihren Suchkriterien übereinstimmt, so werden Sie von uns sofort per Em@il benachrichtigt.Verkaufte Immobilien!Bahnhof und Mehrfamilienhaus...8.000,00 EURCoswig (Anhalt)Doppelhaushälfte im Süden von...98.000,00 EURHammEinfamilienhaus in Hamm Pelkum725,00 EURHamm PelkumGesamt: 32.502.636,66 EUR Immobilien mit Gutachten! Keine Objekte gefunden! Live Auktionen! Keine Objekte gefunden! Service: Wochenobjekt / Ranglisten - Buchen Sie Ihre Immobilie auf Top-Positionen!NEU! eingestellte Immobilien (Haus, Wohnung, Grundstück) Objekt-Nr.: 201992 Großes Ladenlokal in Schwerte zu vermieten!!!PLZ, Ort:58239 SchwerteObjektart:Einzelhandel BE:0 | IN:0 | BI:0 | GE:0 | PV:0 Vermieten, verpachten Auktionsende: 18.02.2018 20:00 Startpreis: 650,00 EUR Objekt-Nr.: 201991 Große und solide Doppelhaushälfte in Hamm (Süden) zu verkaufen.PLZ, Ort:59063 HammObjektart:Haus kaufenBE:0 | IN:0 | BI:0 | GE:0 | PV:0 Verkaufen Auktionsende: 18.02.2018 16:00 Startpreis: 199.000,00 EUR Objekt-Nr.: 201990 !!Baugrundstück in sehr begehrter Wohngegend in Dortmund zu kaufen !!PLZ, Ort:44359 DortmundObjektart:Grundstück kaufenBE:0 | IN:0 | BI:0 | GE:0 | PV:0 Verkaufen Auktionsende: 18.02.2018 16:00 Startpreis: 122.222,22 EUR Objekt-Nr.: 201989 !!TRAUMHAFTES Haus zu einem HAMMER Preis in Dortmund zu Kaufen ! ! !PLZ, Ort:44359 DortmundObjektart:Haus kaufenBE:0 | IN:0 | BI:0 | GE:0 | PV:0 Verkaufen Auktionsende: 18.02.2018 18:20 Startpreis: 388.888,88 EUR Objekt-Nr.: 201988 Freundliche Eigentumswohnung im EG, mit großzügigem Garten in Lippstadt-Bökenförde zu verkaufenPLZ, Ort:59558 LippstadtObjektart:Wohnung kaufenBE:0 | IN:0 | BI:0 | GE:0 | PV:0 Verkaufen Auktionsende: 11.02.2018 17:20 Startpreis: 95.000,00 EUR Weitere Immobilien» Auslaufende Auktionen (Haus, Wohnung, Grundstück) Objekt-Nr.: 201884 Kapitalanleger aufgepasst:2 sehr junge Mehrfamilienhäuser zu verkaufen.PLZ, Ort:46238 BottropObjektart:Haus kaufenBE:0 | IN:0 | BI:0 | GE:0 | PV:0 Verkaufen Auktionsende: 24.12.2017 12:30 Startpreis: 799.999,00 EUR Objekt-Nr.: 201886 Ausstellungsfläche, Büro, Verkaufsraum in Ebstorf zu vermieten oder zu verpachten.PLZ, Ort:29574 EbstorfObjektart:Büro, Praxen BE:0 | IN:0 | BI:0 | GE:0 | PV:0 Vermieten, verpachten Auktionsende: 24.12.2017 13:20 Startpreis: 1.700,00 EUR Objekt-Nr.: 201636 Junges Mehrfamilienhaus in Gelsenkirchen mit großer Freifläche und Stellplätzen zu verkaufen.PLZ, Ort:45886 GelsenkirchenObjektart:Haus kaufenBE:0 | IN:0 | BI:0 | GE:0 | PV:0 Verkaufen Auktionsende: 24.12.2017 14:00 Startpreis: 397.777,00 EUR Objekt-Nr.: 201882 Zimmer innerhalb einer WG in Hamburg zu vermieten.PLZ, Ort:22149 HamburgObjektart:Zimmer oder WG BE:0 | IN:0 | BI:0 | GE:0 | PV:0 Vermieten, verpachten Auktionsende: 24.12.2017 14:20 Startpreis: 450,00 EUR Objekt-Nr.: 201731 Junges Mehrfamilienhaus in Bottrop Batenbrock mit Stellplätzen zu verkaufenPLZ, Ort:46238 BottropObjektart:Haus kaufenBE:0 | IN:0 | BI:0 | GE:0 | PV:0 Verkaufen Auktionsende: 24.12.2017 15:20 Startpreis: 409.777,00 EUR Weitere ImmobilienStadt 14 Dortmund 10 Lünen 8 Essen 6 Hamm 4 Gelsenkirchen 3 Bottrop 3 Herne-Baukau-Ost 3 Waltrop 3 Herne 3 Hohenroda 2 Iserlohn 2 Altena 2 Oberhausen 2 Niederer Fläming 2 Schwerte 2 Moers 2 Selm 2 Unna 2 Duisburg 1 Kirchhundem 1 Werne 1 Liebenau 1 Parchim 1 Hagen 1 Herten 1 Fröndenberg/Ruhr 1 Dresden 1 Kamen 1 Pinneberg 1 Bergkamen 1 Bochum 1 Beckum 1 Freital 1 Hamburg 1 Eyendorf 1 Datteln 1 Lübeck 1 Geesthacht 1 Schwerin 1 soest Beispielkalkulation bei: - Eigenkapital 20% - Nominalzins 4,5% - Anf. Tilgungsatz 1,0% - Grunderwerbssteuer 3,5% - Notar- und Grundbuchkosten 1,5% - Maklercourtage je nach Anbieter Immoauktionen ist ein innovatives Immobilien-Portal auf dem u.a. Immobilien, Häuser verkaufen, Wohnung verkaufen, Grundstück als Versteigerung online angeboten werden. Durch diese online Immobilien Versteigerung haben Sie die Möglichkeit Ihre Immobilien als Hausversteigerung, Wohnungsversteigerung, Grundstücksversteigerung, innerhalb von 4-8 Wochen zu verkaufen oder zu kaufen. Das Einstellen Ihrer Immobilienversteigerung unter Haus kaufen, Wohnungen kaufen, Grundstück übernehmen Sie selbst und ist kostenfrei, wir erheben nur im Erfolgsfall eine Courtage vom Käufer in Höhe von 1,19% inkl. MwSt.. Nach einer ca. 4 Wochen andauernden Ankündigungsphase, während der Besichtigungen der Immobilien, Häuser, Wohnung verkaufen, Grundstück durchgeführt werden können, fällt das Haus, die Wohnung verkaufen, das Grundstück in eine ca. 4 Wochen langen Bietphase. Am Ende der Online Immobilien Auktionen stehen Käufer und Kaufpreis (bzw. Mieter und Mietzins) fest. Eine notarielle Beurkundung folgt umgehend. Auf diese Weise wird Ihre Immobilie, Haus kaufen, Wohnung kaufen, Grundstück innerhalb weniger Wochen zum Höchstpreis veräußert bzw. die Wohnung mieten ermittelt und Sie können schon bald in Ihren Immobilien wohnen. Haus Kaufen oder haus verkaufen fällt über unser Immobilien-Portal sehr leicht. Wohnen Sie schon bald in Ihrem Traumhaus. Wohnung kaufen oder Wohnung verkaufen fällt ebenfalls sehr leicht, aber sie können auch eine Wohnung mieten, online, bequem und einfach wohnen. Sollten Sie keine alten Immobilien suchen, sondern sich für einen Neubau interessieren, so ist es möglich, durch kostenlose Einstellung eines Hausbau-Profiles, sich anonym über unsere Plattform Angebote von Fertighaus- und Massivhaus-Herstellern zusenden zu lassen. Sie entscheiden selbst, welches Angebot für Sie interessant ist und mit welchem Anbieter Sie detaillierte Gespräche führen. Unsere Partnerhausbau | immobilien kaufen | Energieausweise | Kaufpreisberatung | immobilie verkaufen Anzeigen Impressum | AGB | Datenschutz | Preisliste© Copyright 2004-2017 ImmoAuktionen.de - www.immoauktionen.de "
74,immobilien-schweden.eu, Immobilien in Schweden kaufen | schweden immobilien Immobilien in Schweden 
75,immoclick.ch," Immoclick.ch .wpb_animate_when_almost_visible { opacity: 1; } Telefon:+41 44 804 24 24 Registrieren Login Umschalten Navigation Suche Top-Immobilien alle Immobilien FAQ Suche Inserieren Angebot Immobilienmarketing FAQ Inserieren Agenturen Aktuelles wo Wohnträume Wirklichkeit werden Suchen Sie Ihre Liegenschaft Land Switzerland Land LandSwitzerland Typ Einfamilienhaus (6)Ferienhaus / -Wohnung (6)Gewerbe (0)Mehrfamilienhaus (2)Villa (0)Wohnung (34) Typ TypEinfamilienhaus (6)Ferienhaus / -Wohnung (6)Gewerbe (0)Mehrfamilienhaus (2)Villa (0)Wohnung (34) Räume 2.53.54.55.56.569 Räume Räume2.53.54.55.56.569 495,0002,900,000 CHF495,000 CHF2,900,000 CHF jetzt suchen Top-Immobilien Alle Top-ImmobilienBestandesobjekt2'430'000 CHFLichtdurchflutetes, modernes EFH mit exklusivem DesignZürich, Embrach, Wingertstrasse 22, 8424Quadratmeter:337 m2Bestandesobjekt1'460'000 CHFRepräsentatives 6 Zi.-EFH an sehr ruhiger, idyllischer LageThurgau, Frauenfeld, Hohliberg 9, 8500Quadratmeter:194 m2Bestandesobjekt1'075'000 CHFGrosszügige 6.5-Zi.-MaisonettewohnungZürich, Lufingen, Moosbrunnenstrasse 15, 8426Quadratmeter:210.2 m2Bestandesobjekt1'015'000 CHFLichtdurchflutetes, 6.5-Zi.-Eckhaus an bevorzugter LageSt. Gallen, Wil, Altgrubenstrasse 24, 9500Quadratmeter:160 m2Garagen:1Bestandesobjekt995'000 CHFFamilienfreundliches 5.5-Zi.-EFH mit gepflegtem GartenZürich, Glattfelden, Mühlestrasse 1, 8192Quadratmeter:137 m2Bäder:2Neubau1'870'000 CHFCasa Montagna 402 – 4.5 Zimmer Appartement (Dachgeschoss)Arosa, Valsana Arosa, 7050Quadratmeter:143.10 m2Betten:3Bäder:3 Aktuelle Immobilien Alle ImmobilienNeubau760'000 CHFHelle und grosszügige GartenwohnungZürich, Höri, 8181Quadratmeter:117 m2Betten:3Bäder:2Neubau755'000 CHFHelle Attikawohnung mit grosser TerrasseZürich, Höri, 8181Quadratmeter:109 m2Bäder:2Neubau715'000 CHFHelle und grosszügige Neubauwohnung 117 m²Zürich, Höri, 8181Quadratmeter:117 m2Bäder:2Neubau715'000 CHFHelle und grosszügige NeubauwohnungZürich, Höri, 8181Quadratmeter:109 m2Bäder:2Neubau520'000 CHFWie im eigenen Haus: Attraktive GartenwohnungZürich, Höri, 8181Quadratmeter:74 m2Bäder:1Neubau495'000 CHFHelle und grosszügige Neubauwohnung – Preisgünstig WohnenZürich, Höri, 8181Quadratmeter:74 m2Bäder:1Bestandesobjekt1'450'000 CHF340 m² grosses Grundstück mit Lift, Parkplatz & GarageZürich, Zürich, Badenerstrasse 414, 8044Quadratmeter:340 m2Garagen:1Bestandesobjekt2'750'000 CHF439 m² grosses Grundstück mit guter Aussicht, Parkplatz & CheminéeZürich, Otelfingen, Oberrainweg 4, 8112Quadratmeter:349 m2Garagen:1Bestandesobjekt590'000 CHF4.5 Zimmer Dachwohnung in familienfreundlicher, idyllischer UmgebungZürich, Niederweningen, Dorfstrasse 63, 8166Quadratmeter:131 m2Garagen:1Neubau1'270'000 CHF6.5-Zi.-Eck-ReihenfamilienhausZürich, Oberglatt ZH, Rankstrasse, 8154Quadratmeter:304 m2Bestandesobjekt2'430'000 CHFLichtdurchflutetes, modernes EFH mit exklusivem DesignZürich, Embrach, Wingertstrasse 22, 8424Quadratmeter:337 m2Bestandesobjekt1'460'000 CHFRepräsentatives 6 Zi.-EFH an sehr ruhiger, idyllischer LageThurgau, Frauenfeld, Hohliberg 9, 8500Quadratmeter:194 m2Bestandesobjekt1'075'000 CHFGrosszügige 6.5-Zi.-MaisonettewohnungZürich, Lufingen, Moosbrunnenstrasse 15, 8426Quadratmeter:210.2 m2Bestandesobjekt2'900'000 CHF4930m2 grosses Grundstück mit Wohnhaus, Reithalle & PferdestallZürich, Wil, Bahnhofstrasse 62, 8196Quadratmeter:269 m2Bestandesobjekt1'015'000 CHFLichtdurchflutetes, 6.5-Zi.-Eckhaus an bevorzugter LageSt. Gallen, Wil, Altgrubenstrasse 24, 9500Quadratmeter:160 m2Garagen:1 News AlleImmobilien-MessenImmobilien-StudienImmobilien-VermarktungImmobilienkaufRatgeberStyles und Trends Alle Immobilien-Messen Immobilien-Studien Immobilien-Vermarktung Immobilienkauf Ratgeber Styles und Trends Was die Abschaffung des Libor für Schweizer Hauskäufer bedeutet Unterhaltskosten bei Immobilien werden unterschätzt Die Eigenheiten des Stockwerkeigentums Künstliche Intelligenz – besonders interessant für das Facility Management Studie: „Es bildet sich keine Blase am Schweizer Immobilienmarkt“ Dossier selbst anfertigen oder nicht? Sein Haus verkaufen und noch lange darin wohnen Blasen-Risiko in Grossstädten markant höher Digitalisierung: Transformation der Immobilienbranche schreitet voran Studie zur Digitalisierung in der Immobilienbranche Load more Kontakt IMMOCLICK.CH c/o swissclick ag Paulstrasse 5 8400 Winterthur Schweiz swissclick.com +41 44 804 24 24 Email Über uns Über uns Impressum AGB Newsletter-Anmeldung Nachname Vorname E-Mail * Liste auswählen: Agenten / Agenturen Suchende © immoclick.ch - swissclick.comGehe nach oben Anruf verlangenGerne ruft Sie einer unserer Spezialisten an und berät Sie rund um Immobilien. "
76,immoforless.de," Immobilien provisionsfrei Immobilien 50% billiger inserieren Immobilien-Schnellsuche z.B. Häuser Hamburg oder Haus mit Garten Willkommen! Ich bin bereits Kunde Ich bin NEU hier Facebook Twitter Print Email Addthis Hinweis:Zur korrekten Nutzung von immo-for-less muss Javascript aktiviert sein! Dies ist bei Ihrem Browser nicht der Fall! Flatrate statt Tarif Chaos immo-for-less.de - Das Immobilienportal für provisionsfreie Immobilien in Deutschland Ohne Makler verkaufen oder vermieten Sie Ihre Immobilie mit immo-for-less.de. Selbst Haus und Wohnung provisionsfrei verkaufen und vermieten. Immobilien ohne Makler kaufen und mieten. Stellen Sie Ihr Haus, Ihre Wohnung, Ihr Grundstück oder Ihre Gewerbeimmobilie ohne Maklerprovision nur einmal auf immo-for-less.de ein und wir vermarkten ohne Mehrkosten Ihr Immobilienangebot zusätzlich auf den großen Immobilienportalen von Immobilienscout24.de und 1A-Immobilienmarkt bis zu immopool.de und immobilien.de. Auf den seriösen Internetportalen von ebay kleinanzeigen, Die Welt, Bild.de, Berliner Zeitung bis zu meinestadt.de und Hamburger Abendblatt wird Ihr provisionsfreies Immobilienangebot von immo-for-less.de zusätzlich ohne Mehrkosten präsentiert. Ganz nach Ihrem gebuchten Wunschpaket. Sie sparen mit unseren Preisen bis zu 68% Anzeigengebühr gegenüber Einzelbuchung bei den großen Portalen. immo-for-less.de - Ihre Nr. 1 in Deutschland für provisionsfreie Immobilien Immobilie provisionsfrei kaufen und mieten Bei immo-for-less.de finden Sie die Immobilie, die Sie suchen. Ob Sie nun ohne Provision mieten oder provisionsfrei kaufen wollen. immo-for-less.de bietet Ihnen an: Haus, Villa, Bungalow, Altbau, Bauernhaus, Mehrfamilienhaus und Ferienhaus. Ob Ein- oder Zweifamilienhaus mit Garage oder Carport: bei immo-for-less.de finden Sie Ihre Immobilie. Wohnung, Apartment, Penthouse und Loft oder Ferienwohnung: wir haben es. Die Immobilienangebote von immo-for-less.de reichen von Berlin über Frankfurt bis München, von Stuttgart bis Köln und Düsseldorf. Bei uns finden Sie provisionsfreie Immobilienangebote aus Bayern, Baden-Württemberg, NRW und Niedersachsen und aus dem gesamten Deutschland. Hier finden Sie alle Immobilienanzeigen zum Kauf ohne Provision und zur Miete ohne Makler. Immobilien provisionsfrei verkaufen und Haus oder Wohnung provisionsfrei vermieten, ist das moderne Prinzip von immo-for-less.de. Vermarkten Sie Ihre Immobilie bei immo-for-less.de provisionsfrei und ohne Makler. Sie gestalten und schalten einmal Ihr Immobilienangebot bei immo-for-less.de und wir präsentieren Ihre Immobilie ohne Mehrkosten in den 8 besten Portalen wie immobilienscout24.de, 1A-Immobilienmarkt, myimmo.de, immopool.de, immobilien.de ebay kleinanzeigen, freeimmo und 12 weiteren Internet-Immobilienseiten wie Bild.de, Berliner Morgenpost, Berliner Zeitung, Die Welt, Hamburger Abendblatt,, T-Online,freenet.de, meinestadt.de, Hamburger Morgenpost und vielen anderen mehr schon ab günstigen Euro 84,- inkl. MwSt. Einmal bei immo-for-less Ihre Immobilienanzeige gestalten und aufgeben. Alles andere erledigen die Spezialisten von immo-for-less.de für Sie. Und schon sind Sie auf Ihren Wunschportalen präsent. Sie sparen nicht nur Zeit sondern auch bares Geld. immo-for-less.de ist bis zu 68 Prozent günstiger als Ihre Einzelbuchungen. Vergleichen Sie und buchen Sie Ihr Vermarktungspaket jetzt. Wählen Sie zwischen den Vermarktungspaketen First, 14 Tage inserieren und OhneMaklerConcept. Einmal buchen und Zeit und Geld sparen. Die neue Art der Immobilienvermarktung. Sicher und bequem bezahlen Sie Ihre Rechnung mit PayPal oder Überweisung. NEUESTE IMMOBILIE Provisionsfrei* Teilungsversteigerung Doppelhaushälfte in 75175 Pforzheim, Gesellstr. 75175 Pforzheim alle neuen Immobilien Sonstige Informationen Wie gebe ich ein Immobilienexposé ein? Immobilienbewertung anfordern. [^] immo-for-less finden Sie auch bei Deutschlands führenden Immobilien-Portalen: IMPRESSUM | SITEMAP | IMMOBILIEN-BLOG Buchen Sie jetzt TOP- und PREMIUM Platzierung bei ImmobilienScout24 | Ohne Makler Haus & Wohnung verkaufen | FAQ - Häufige Fragen und Antworten | Was kostet ein Inserat bei Immobilienscout24? | Immobilie im Internet verkaufen | Immobilien inserieren | Bieten Sie Ihr Haus schon lange an?! | Immobilie inserieren | Zeit ist Geld oder wie ich den richtigen Preis fand | Könnten Sie, sollten Sie Ihr Haus selbst verkaufen? | Hausbesichtigung an Weihnachten | Wem schaden Mietnomaden? | Immobilien ohne Makler kaufen | Ohne Makler privat verkaufen | Provisionsfrei vom Eigentümer | Wenn der Makler zweimal klingelt | Wohnung von Privat kaufen | Die Grunderwerbsteuer steigt auf 5 Prozent | Wohnung selbst vermieten | Wieviel verbraucht es denn? | Haus verkaufen | Der Preis ist heiß | Wohnung provisionsfrei vermieten | Geiz ist geil beim Hauskauf? | Immobilie selbst verkaufen | Kostenlose telefonische Anzeigenannahme | Haus privat verkaufen | Open House für private Hausverkäufer? | Besser inserieren: Titel -Thesen-Texte | Umziehen macht Spaß! | Bringen Sie Ihre Immobilie in Hochform | Gut gestylt ist halb verkauft | Finden Sie den richtigen Verkaufspreis! | Provisionsfrei* Willis Villa wird verkauft. München-Grünwald. | Rat und Tat | Bei Anruf Kunde | Ein Bild sagt mehr als 1000 Worte | Leistungsumfang und Preise | Kontakt | Verkaufstipps und Ratschläge | Datenschutzerklärung | DISCLAIMER | HAFTUNGSAUSSCHLUSS | AGB Copyright © 2007-2017 immo-for-less "
77,immostimme.de," Immobilien, Wohnungen und Häuser in Heilbronn zum mieten oder kaufen | immostimme.de powered by Merkliste Kontakt FAQ Inserieren Registrieren und Anmelden Anmeldung für registrierte Nutzer Anmelden Passwort vergessen Neu registrieren Makler- und Anbieter-Bereich Merkliste Hier inserieren Kontakt FAQ Sie sind nicht angemeldet. WOHNEN GEWERBE GESUCHE Wohnen Wählen Sie aus 1.382 Immobilien Immobilien, Häuser, Wohnungen und Zimmer aus der Region Wo suchen Sie? Was suchen Sie? Wohnung mietenWohnung mieten Wohnung kaufen Haus mieten Haus kaufen WG-/Zimmer mieten Grundstück mieten Grundstück kaufen Stellplatz mieten Stellplatz kaufen Zwangsversteigerung Umkreis 0 km0 km 5 km 10 km 15 km 20 km 25 km 30 km Preis (€) bis: Größe (m2) ab: Zimmer ab: Finden Gewerbe Wählen Sie aus 246 Immobilien Gewerbeflächen, Büros und Grundstücke aus der Region Wo suchen Sie? Was suchen Sie? Büro/Praxis mietenBüro/Praxis mieten Büro/Praxis kaufen Einzelhandel mieten Einzelhandel kaufen Gastgewerbe mieten Gastgewerbe kaufen Lager-/Produktionshallen/Hallen mieten Lager-/Produktionshallen/Hallen kaufen Grundstück mieten Grundstück kaufen Zinshaus/Renditobjekt mieten Zinshaus/Renditobjekt kaufen Stellplatz mieten Stellplatz kaufen Zwangsversteigerung Umkreis 0 km0 km 5 km 10 km 15 km 20 km 25 km 30 km Preis (€) bis: Größe (m2) ab: Finden Wohnen Immobiliengesuche Kaufen oder Mieten Wo suchen Sie? Was suchen Sie? MietenMieten Kaufen Umkreis 0 km0 km 5 km 10 km 15 km 20 km 25 km 30 km Finden Immobilien in Ihrer Region Auf der Suche nach Immobilien in Heilbronn? Egal ob Wohnungen, Häuser oder Gewerbeimmobilien: Für Ihre erfolgreiche Suche nach Immobilien in Heilbronn und Umgebung bietet unser Immobilienmarkt ein breites Angebot an Immobilienanzeigen, von privat oder via Immobilienmakler. Immostimme.de, der Immobilienmarkt der Heilbronner Stimme. Immobilien Wohnungen Häuser Gewerbeimmobilien Immobilienmakler MAKLERPORTRAITS Zur Übersicht IMMOBILIE FINDEN ANZEIGE AKTUELLE THEMEN Fast jeder Zweite hatte schonmal Streit mit Nachbarn Die Musik ist zu laut oder die Waschmaschine schleudert noch nach 22 Uhr: Viele Menschen hatten bereits einmal einen Konflikt mit einem Nachbarn. [mehr] Anzeige Miet­ein­nah­men? Ge­si­chert! „Vor ei­ni­gen Jah­ren er­war­ben noch haupt­säch­lich Groß­in­ves­to­ren gan­ze Pfle­ge­hei­me, in­zwi­schen die­nen die­se Ein­rich­tun­gen auch pri­va­ten In­ves­to­ren als lu­kra­ti­ve und wert­sta­bi­le An­la­ge­mög­lich­keit."" [mehr] Rauchende Nachbarn können Mietminderung rechtfertigen Wenn ständig blauer Dunst aus der Nachbarwohnung herüber qualmt, kann das Nichtraucher ziemlich stören. Deshalb ist es Rauchern auch zumutbar, dass sie Rücksicht auf ihre Nachbarn nehmen. Anderenfalls dürfen diese die Miete kürzen, wie ein Gericht entschieden hat. [mehr] Lichterkette für draußen: Auf Schutzart IP44 achten Das stimmungsvolle Schimmern von Lichterketten gehört für viele zur Adventszeit dazu. Unzählige Varianten gibt es im Handel, auch für den Außenbereich. Doch hier sollten Verbraucher nicht am falschen Ende sparen. [mehr] klassische Website Impressum Inserieren FAQ Ratgeber AGB Datenschutz Mediadaten ImmostimmeJetzt Anzeige schalten.für € 21,90 - Laufzeit 4 WochenansehenXJetzt Anzeige schalten.für € 21,90 - Laufzeit 4 Wochen weiterlesenJetzt Anzeige schalten.für € 21,90 - Laufzeit 4 WochenansehenXJetzt Anzeige schalten.für € 21,90 - Laufzeit 4 Wochen weiterlesenJetzt Anzeige schalten.für € 21,90 - Laufzeit 4 WochenansehenXJetzt Anzeige schalten.für € 21,90 - Laufzeit 4 Wochen weiterlesen Diese Seite setzt Cookies ein, um die Nutzung der Seite zu verbessern. Mehr dazu erfahrenOkay!"
78,immoweb.de," Immoweb | Immobilien, Wohnungen und Häuser bei immoweb Über Uns Immobilien-Alert Kontakt Hilfe +49 (0)231 / 398197-0 Wohnen Gewerbe Anbieten Maklersuche Franchise Gutachten Energieausweise Kaufpreisberatung Auktion Anmelden Über Uns Immobilien-Alert Kontakt Hilfe Anmelden Haus, Wohnung oder Grundstück? Jetzt online mieten, kaufen oder verkaufen Alle Objektarten AusstellungsflaecheBueroflaecheBuerohausBüroDachgeschossDoppelhaushaelfteEinfamilienhausEinzelhandelErdgeschossEtageGaragenGastgewerbeGastronomie Und WohnungGewerbeGrundstückHallenHausLadenlokalLager Mit FreiflächeMehrfamilienhausPraxisflaecheReiheneckReihenendReihenmittelSonstigeVillaWerkstattWohnenWohnungZimmerZinshausZweifamilienhaus Kauf & Miete KaufMiete / Pacht Alle Orte AltenaAm MellenseeBad KissingenBergkamenBleckede OT Alt GargeBobitzBochumBochum LangendreerBottropBrilonBrüelCastrop-RauxelDortmundDuisburgEisenhüttenstadtEssenFischbachGelsenkirchenGothaGroß RosenburgHammHerneHerne-Baukau-OstHertenHohenrodaIserlohnKamenKarstädtLeezenLenzen (Elbe)LüneburgLünenMarlMedebachMeschedeMoersNeustadt GleweNiederer FlämingNiemegkOberhausenPotsdamSchwerteSelmTrebbinUnnaWaltropWarsteinZülpich Mit zahlreichen Büros in ganz Deutschland ist immoweb.de auch vor Ort für Sie da. Kiel Hamburg Lüneburg Krakow am See Schwerin Herford Potsdam I Potsdam II Berlin Hamm Unna Lünen Bochum Dortmund Speyer Unsere Immobilienauktionen finden Sie auf www.immoauktionen.de Top Objekte ! ! TOP Lage ! ! Gewerbegrundstück mit Verkaufsfläche,Büroräume und Hallen zu kaufen ! ! Dortmund 2.000.000 € Idyllisches Wohngrundstück in Hohenroda zu verkaufen! 8.900 € Wohngrundstück 620 qm a 28,23 EUR/m² in Fischbach bei Idar-Oberstein zu verkaufen. Fischbach 17.500 € Luxuriöses Wohnen und Arbeiten in Castrop-Rauxel Castrop-Rauxel 15 Zimmer 500 m² Wohnfl. 889.000 € Mehr Service Energieausweise Mehr erfahren Gutachten Mehr erfahren Kaufpreisberatung Mehr erfahren Franchise Mehr erfahren Schnelleinstieg in Ihre Immobiliensuche Kaufen Haus kaufen Wohnung kaufen Grundstücke Zwangsversteigerungen Auktionen Mieten Haus mieten Wohnung mieten Weitere… Beliebte Städte DortmundLünenEssenGelsenkirchenHamm Herne-Baukau-OstUnnaWaltropKamenBrüel Wohnung suchen Sie suchen eine Wohnung? Immoweb.de bietet Ihnen mehr als 300 Wohnungen in ganz Deutschland. Hier werden Sie sicher fündig! Jetzt suchen Immobilie suchen Ihre Traumimmobilie finden ist ganz einfach. Unser Immobilienmarkt bietet eine große Auswahl an Häusern, Wohnungen und Kapitalanlagen. Jetzt suchen Jetzt für den Newsletter anmelden und immer auf dem neusten Stand sein! Wohnen Gewerbe Anbieten Maklersuche Franchise Gutachten Energieausweise Kaufpreisberatung Auktion Über Uns Immobilien-Alert Kontakt Hilfe Impressum / Datenschutz AGB & rechtliche Hinweise Sehr gut 5,00 / 5 bei 1 Bewertungen Anbieter: business immoweb AG Dortmunder Straße 5, 44536 Lünen NRW in Deutschland Tel. +49 (0)231 / 398197-0 "
79,infuu.de," Halterungssysteme für Notebook, Kamera,Tablet-PC für Auto, andere Fortbewegungsmittel und Büro | Infuu Holders - Halterungen für Notebook, Tablet, Kamera für KFZ, Büro Verstanden!Diese Seite benutzt Cookies, um Ihnen das bestmögliche Erlebnis zu bieten. Mehr InformationenCookie Consent plugin for the EU cookie law Um Infuu Holders - Halterungen für Notebook, Tablet, Kamera für KFZ, Büro in vollem Umfang nutzen zu können, empfehlen wir Ihnen Javascript in Ihrem Browser zu aktiveren. Infuu Holders Infuu Holders Infuu Holders - Mounting systems - english Infuu Holders Polska Service/Hilfe Händler Anmeldung Katalog Über uns Unsere Kunden Vergleich Halterungen Kontakt Versand und Zahlung Widerrufsrecht Datenschutz AGB Impressum Menü Suchen Suchen Mein Konto Warenkorb 0 0,00 € * HomeMonitorTabletNotebookKameraSmartphoneKomponentenZubehörNEUROFEEDBACK  Menü schließen Infuu Holders Infuu Holders Infuu Holders - Mounting systems - english Infuu Holders Polska Kategorien Monitor Tablet Notebook Kamera Smartphone Komponenten Zubehör NEUROFEEDBACK Informationen Händler Anmeldung Katalog Über uns Unsere Kunden Vergleich Halterungen Kontakt Versand und Zahlung Widerrufsrecht Datenschutz AGB Impressum Infuu Holders Halterungssysteme für Notebook, Kamera, Tablet-PC für Auto, andere Fortbewegungsmittel und Büro Erhalten Sie Neuigkeiten, Bilder und Tipps: Unsere Kunden: Service Hotline Telefonische Unterstützung und Beratung unter:03051647362Mo-Fr, 10:00 - 16:00 Uhr Shop Service Händler Anmeldung Unsere Kunden Vergleich Halterungen Kontakt Versand und Zahlung Unsere Kunden Widerrufsrecht Widerrufsformular AGB Informationen Katalog Über uns Datenschutz Impressum Newsletter Newsletter abonnieren * Alle Preise inkl. gesetzl. Mehrwertsteuer zzgl. Versandkosten, wenn nicht anders beschrieben Händler Anmeldung Katalog Über uns Unsere Kunden Vergleich Halterungen Kontakt Versand und Zahlung Widerrufsrecht Datenschutz AGB Impressum Copyright Infuu Holders "
80,issociate.de,"XODOX - Webdesign, Server, E-Mail & SEO aus Forchheim About Us#0 (kein Titel)#0 (kein Titel)BlogFAQAbout Us#0 (kein Titel)#0 (kein Titel)BlogFAQ DomainsE-MailWebdesignHostingHilfe & SupportKontakt DomainsE-MailWebdesignHostingHilfe & SupportKontakt Start admin 2017-10-05T14:26:12+00:00 Bei uns stimmt das Gesamtpaket Service, Domain und Webdesign. Unser Angebot ist modular aufgebaut. So können wir für Sie die optimalen Internetdienstleistungen zusammenstellen. Jetzt 30 Tage testen!PERSÖNLICH, PRAXISNAH & ZUVERLÄSSIGIhre Wünsche und Vorgaben werden in moderne IT-Lösungen umgesetzt. Wir liefern exakt auf Ihre Anforderungen zugeschnittene Produkte.HOSTINGWir bieten Ihnen schnelle Server, E-Mail mit Spam- und Virenschutz sowie perfekten Support.WEBDESIGNWir setzen Ihre Firma ins richtige Licht und halten Ihre Website aktuell.DOMAINSSie haben die Wahl! Wir führen alle Domainendungen.Wir sind bereit für Ihren erfolg!Mit unserem Service und Know-How bieten wir Ihnen ein breites Angebot an IT-Dienstleistungen in den Bereichen Server, Webdesign, Suchmaschinen-Optimierung, Hosting, Microsoft Exchange, Office 365 und E-Mail.5000+ verwaltete Domains Domain Management ist Vertrauenssache16+ Jahre Erfahrung Im Jahr 2001 gegründet 8000+ E-Mail Postfächer schützen wir vor Spam, Viren und AngriffenWir bedanken uns herzlich bei unseren KundenVon denen wir viele seit mehr als 15 Jahren betreuen und unser Know-How in viele Richtungen erweitern und vertiefen konnten.Hosting & Webdesign AngeboteAlle Websites werden auf unseren eigenen Servern betreut. Wir kümmern uns um den Betrieb und bieten einen zuverlässigen Service und persönlichen Support.Angebote vergleichenSprechen Sie jetzt mit einem Hosting-ExpertenWebhosting PrivatDas leistungsstarke Allrounder-Angebot ist ideal geeignet für moderne Content Management Systeme wie z.B. WordPress, Contao, Typo3 oder Joomla.1 Domain5 GB SpeicherplatzWeb-Anwendungen5 E-Mail Adressen5 Datenbanken9,90 € / mtl.30 Tage kostenlos testen DetailsFull Managed ServerWir übernehmen die gesamte technische Betreuung Ihres Servers und kümmern uns um die Konfiguration und das Backup. Das ist aber nicht alles: Sie erhalten Zugriff auf unsere kompetenten Hosting-Experten, die Ihnen mit Rat und Tat zur Seite stehen.AdministrationSchnelle ServerMonitoring24/7 SLAab 189,– € / mtl.Schnelle Bereitstellung DetailsE-Mail ServerWir liefern Hosted Exchange (inkl. Revisionssicherer E-Mail Archivierung), Smartermail Business und bewährte Linux E-Mail Server.Managed E-MailViren- und SpamschutzE-Mail UmzugWeb-Administrationab 3,99 € / mtl.Zuverlässige E-Mail Server DetailsWebdesign VisitenkarteEine Website ist eine Selbstverständlichkeit. Der erste Kundenkontakt findet über Ihre Website statt. Präsentieren Sie Ihre Firma professionell, denn eine schöne Website ist wie ein schönes Geschäft: Kunden kaufen hier lieber ein.Modernes WebdesignAktualisierung inkl.Zuverlässiger SupportKomplettservice19,– € / mtl.Setup 199,– € DetailsMehr als schnelle ServerWir bieten Ihnen kostenloses Wissen, zuverlässigen Support und abgestimmte Server für jeden Anwendungsbereich. Wenn Sie 0815 Systeme suchen, sind Sie bei uns an der falschen Adresse. Unsere Spezialität sind individuell angepasste Server und Webseiten, die Ihren Anforderungen ganz genau entsprechen. Hier machen wir keine Kompromisse.XODOX – Das sind wirJetzt beraten lassen!Das können sie erwartenXODOX hat neben den gängigen Mindestanforderungen noch einiges mehr zu bieten:WIR SIND FÜR SIE DAUnser Team steht Ihnen mit Rat und Tat zur Seite.EINFACHE BEDIENUNGKomfortable Server-Verwaltung.30 TAGE TESTENÜberzeugen Sie sich von unserer Service-Qualität.PREISWERTJederzeit volle Kostenkontrolle.1-Klick SetupInstallieren Sie z.B. WordPress mit einem Klick.SicherheitFirewall, umfangreicher Viren- und Spamschutz.Profi FeaturesSSH Zugriff, SFTP, SPF, SSL, CDN uvm.SicherungTägliche Backups, auch On Demand.FRAGEN UND ANTWORTENSie haben Fragen zu XODOX oder unseren Angeboten? Antwort nicht dabei? Schreiben Sie uns.Berät XODOX auch vor Ort?Wir haben unseren Firmensitz im schönen Forchheim in Oberfranken. In der näheren Umgebung ist eine Beratung vor Ort jederzeit möglich. Ansonsten beraten wir Sie gerne per Telefon.Können Sie E-Mail Server umziehen?Sie können Ihren kompletten E-Mail Server inkl. gesamten Inhalt zu XODOX umziehen lassen. Wir berechnen pro 10 E-Mail Accounts 59,00 € einmalig.Wir haben eine Homepage, können Sie sie überarbeiten?Ja, das ist möglich. Es kommt aber darauf an, wie und vor allem wann sie erstellt wurde. Es kann auch ratsam sein eine neue Website zu entwickeln, die wir im Anschluss auf Ihre Domain schalten.Unser WordPress bei Anbieter „XYZ“ wurde gehackt!Wir können Ihnen weiterhelfen! Bitte rufen Sie uns an. Nach kurzer Zeit geben wir eine Einschätzung und einen Lösungsvorschlag ab.Wir möchten E-Mail auf Exchange umstellen.Wir können alle Hosted Exchange Dienste inklusive Umzugsservice „IMAP > Exchange“ liefern. Als besonderes Highlight ist revisionssichere E-Mail-Archivierung möglich.Bieten Sie eine Schulung für CPanel & WordPress?Auf Wunsch schulen wir Sie im Umgang mit WordPress-CMS und CPanel Software.ANGEBOTEDomainsE-MailWebdesignHostingSSL ZertifikateXODOX GmbHÜber unsKontaktImpressumDatenschutzAGB © Copyright 2001 - 2017 | XODOX GmbH | All Rights Reserved | Alle Preise verstehen sich inklusive USt. Go to Top"
81,italimmo.com," * Immobilien Toskana Umbrien Marken * Attraktive Immobilien - Angebote in der Toskana, Umbrien und den Marken ^ Eine eigene Immobilie im sonnigen Italien; wir versuchen den Traum Wirklichkeit werden zu lassen. Angebote in allen Preisklassen in den Regionen - Toskana, Umbrien und den Marken - inklusive kompetenter Beratung. Wir sind seit 1997 für Sie, unsere Kunden, in Italien erfolgreich tätig. Die Qualität und die Zuverlässigkeit halten wir durch konsequente Qualitätskontrolle der Dienstleistungen und unserer Partner vor Ort aufrecht. Wir arbeiten in den von uns betreuten Regionen, Marken, Umbrien und der Toskana nur mit zugelassenen sachverständigen Maklern exklusiv zusammen, die ebenfalls viel Wert auf die Qualität ihrer Dienstleistung legen. Für die Jahre 2006, 2007, 2008, 2009, 2010 und 2011 ist unser Unternehmen von der führenden Fachzeitschrift für Ferienimmobilien, Bellevue jeweils als Best Property Agent ausgezeichnet worden. Immobilien Toskana Immobilien Umbrien Immobilien Marken Regioneninformation Toskana - Umbrien - Marken Immobilien in der Toskana Toskana - das klingt nach Sonne, Weinbergen und historischen Städten. Italiens beliebteste Region ist bekannt für ihre einmalige Verbindung von Lebensfreude, kulinarischen Genüssen und einer reichhaltigen Kultur. Immobilien in Umbrien Umbrien liegt im Herzen Italiens und ist mit seinen grünen Hügeln und Wäldern reich an Sehenswürdigkeiten. Unsere Immobilien Objekte befinden sich in sehr reizvoller Lage: unweit der Toskana und nahe des Trasimenischen Sees. Immobilien in den Marken Ein ebenso interessantes Gebiet erstreckt sich auf der gegenüberliegenden Seite des Stiefels, die Marken, in wunderschöner Naturlandschaft mitten im Länderdreieck, Marken, Toskana und Emilia Romagna. Auch das Meer mit seinen schönen Stränden und der adriatischen Kulturlandschaft zwischen Fano, Pesaro, Macerata und Ascoli Piceno sind schnell zu erreichen. Das Preis-Leistungsgefüge ist hier noch sehr günstig, da touristische Einflüsse noch sehr wenig zum Ausdruck kommen. Weiterführende Links Immobilien Toskana, Immobilien Umbrien und Immobilien Marken Immobilie Toskana Immobilien | Immobilie Umbrien Immobilien | Immobilie Marken Ferienwohnung Toskana Ferienwohnungen | Ferienwohnung Umbrien Ferienwohnungen | Ferienwohnung Marken Ferienwohnungen Taormina | Ferienwohnungen Toskana | Ferienwohnungen Sorrent Ferienwohnungen Sizilien | Ferienwohnungen Amalfi "
82,iz.de," Immobilien Zeitung Sie haben kein JavaScript aktiviert. Nur mit aktiviertem JavaScript ist ein Login in der IZ möglich. Nachrichten Jobs Veranstaltungen Shop Research Abo App Newsletter Probelesen Registrieren Anmelden Passwort vergessen? Anmelden Sie verwendeniz.de alsGastnutzer Alle Leistungen ansehen Alle Nachrichten der letzten 90 Tage.Sie haben in diesem Monat noch 2 Artikel frei. 2 Nachrichten Recherchen im IZ-Archiv und der IZ Profile-Datenbank.Sie haben in diesem Monat keinen Zugriff (mehr). 0 Premium-Inhalte Nachrichten Politik Unternehmen Sonderseite HRE-Strafprozess Märkte Büromärkte Einzelhandelsmärkte Logistikmärkte Wohnungsmärkte Projekte Digitales Anlagen/Finanzen Transaktionsmeldungen FM/PM Facility-Management Property-Management Recht/Steuern Rechtsprechung Immobilienanwälte Grunderwerbsteuer/Grundsteuer Kanzlei-Köpfe Karriere Stellenmarkt Joboffensive Immobilienprofis im Porträt Personalien Marketing People & Events Transaktionen Übersichtsseite IZ Transaktionsdatenbank IZ Profile Übersicht IZ Städte IZ Unternehmen IZ Projekte IZ Wohnmarktanalyse Analyse erstellen Günstiger im Power-Paket Recherche Alle IZ-Ausgaben Specials Mipim Messezeitung Fokus Bayern Fokus Berlin Norddeutschland Logistikimmobilien Fokus NRW Immobilienanwälte 2017 EXPO REAL Messezeitung EXPO REAL Messeplaner EXPO REAL Immobilien Zeitung Jubiläumsausgabe zwanzig Messeplaner FM WM-Special 2014 Ostdeutschland Zwangsversteigerungen Hypothekenzinsen Veranstaltungen iPad-App Kostenlose Marktreports Baufinanzierung Wissen Immobilien-Englisch Lexikon Wörterbuch Artikellizenz Transaktionen | 21.12.2017DIC betreibt VorratshaltungQuelle: istockphoto.com, Urheber: ollo DIC As­set war auf Ein­kaufs­tour. Die Ge­wer­be AG hat sich vier neue Bü­ro­im­mo­bi­li­en zu­ge­legt. Da­für blät­ter­te DIC mehr als 100 Mio. Eu­ro hin. mehr Morgan Stanley verkauft für 120 Mio. Euro in Hamburg (1.12.2017) DIC Asset AG erwirbt zwei Büroobjekte für den Office BalancePremium Bis zu 6 Premium-Inhalte / Monat im Basis-Paket (Print-Abo), unbegrenzt im Premium-Paket. (15.12.2017) DIC Asset verdient mehr Geld (9.11.2017) ANZEIGE Anlagen & Finanzen | 21.12.2017GLP packt Gazeley-Portfolio in zwei LogistikfondsQuelle: Immobilien Zeitung, Urheber: Peter Dietz GLP hat die Über­nah­me des Lo­gis­tik­ent­wick­lers IDI Ga­ze­ley ab­ge­schlos­sen. Der Kon­zern aus Sin­ga­pur legt wie an­ge­kün­digt das rund 2,4 Mrd. Eu­ro schwe­re Port­fo­lio der neu­en Toch­ter in zwei Fonds für in­sti­tu­tio­nel­le An­le­ger. mehr Gazeley stellt Amazon Logistikzentrum fertig (26.10.2017) GLP kauft IDI Gazeley (19.10.2017) IDI Gazeley vermietet 9.000 qm Logistikfläche in VenloPremium Bis zu 6 Premium-Inhalte / Monat im Basis-Paket (Print-Abo), unbegrenzt im Premium-Paket. (21.6.2017) ANZEIGE PolitikNordrhein-Westfalen: Weniger Geld für Wohnraumförderung Das Land Nord­rhein-West­fa­len (NRW) lässt sich die Wohn­raum­för­de­rung bis 2022 rund 4 Mrd. Eu­ro kos­ten. ""Mit ei­nem jähr­li­chen Dar­le­hens­vo­lu­men von 800 Mio. Eu­ro schaf­fen wir ver­läss­li­che Pla­nungs­grund­la­gen für künft…mehrBundesrat will Preistreiberei bei Bima-Grundstücken stoppenBerliner Senat novelliert Gesetz zur ZweckentfremdungBayern stockt Wohnbauförderung ein bisschen aufMietpreisbremse geht vors Bundesverfassungsgericht Mehr Nachrichten aus der Rubrik PolitikUnternehmen In den Nachrichten: Buwog | Vonovia | Alvarez & Marsal | A&M Captiva | Takko | Inreal | >> Weitere Unternehmen im Profil21.12.2017Buwog steigert Halbjahresergebnis Der deutsch-ös­ter­rei­chi­sche Woh­nungs­kon­zern Bu­wog hat die Er­geb­nis­se der ers­ten sechs Mo­na­te sei­nes Ge­schäfts­jah­res 2017/18 be­kannt ge­ge­ben. Da­nach klet­ter­te das Kon­zern­er­geb­nis auf 180,4 Mio. Eu­ro, al­le drei Ge­schäfts­fel­der (Woh­nungs­neu­bau, Ver­kauf und As­set-Ma­nage­ment) konn­ten ih­re Er­geb­nis­bei­trä­ge im Ver­gleich zur Vor­jah­res­pe­ri­ode aus­bau­en. Da… mehr 21.12.2017Stephan Fritsch wird Alleineigentümer von Captiva Ste­phan Fritsch, Chef des Ham­bur­ger As­set-Ma­na­gers Cap­ti­va, kauft die von Al­va­rez & Mar­sal (A&M) ge­hal­te­nen An­tei­le am Un­ter­neh­men und wir da­mit al­lei­ni­ger Ei­gen­tü­mer. Cap­ti­va und A&M wür­den aber bei im­mo­bi­li­en­be­zo­ge­nen The­men auch in Zu­kunft zu­sam­men­ar­bei­ten, heißt es. Au­ßer­dem gibt Cap­ti­va die Auf­la­ge ei­nes Im­mo­bi­li­en­fonds be­kannt, …mehrTakko eröffnet Expressfilialen und prüft BörsengangInreal plant Niederlassung in New YorkDGNB und EDGE machen Zertifizierung internationalPiepenbrock betreut bundesweit 9.000 VerkaufsautomatenMehr Nachrichten aus der Rubrik UnternehmenTransaktionenTransaktionen in: Berlin - Düsseldorf - Frankfurt am Main - Hamburg - Köln - München - StuttgartDüsseldorfDüsseldorf: Italienische Anwälte kaufen an der KöFrankfurt am MainKanzlei Hogan Lovells zieht in den Frankfurter OmniturmHamburgDIC betreibt VorratshaltungMünchenArdian-Fonds kauft nächsten Bürokomplex in MünchenWienNestlé quartiert sich in The Icon einRostockStarbucks expandiert nach RostockFrankfurt am MainGEG kauft Frankfurter Japan Center für 280 Mio. Euro NürnbergHotelausstatter Yatsan mietet im Nürnberger Air CenterFrankfurt am MainArgo Capital entwickelt am Frankfurter RebstockCorkReal I.S. kauft Marks-&-Spencer-Filiale in CorkHerneCity-Center Herne hat neuen EigentümerOlchingLetzte Flächen im Multipark Olching vermietetMehr Nachrichten aus der Rubrik TransaktionenProjekte In den Nachrichten: Lloydhof Bremen | Bremer Carree | Karstadt Bremen | Bauprojekt Jacobs-Hof Bremen | Arabella Center Frankfurt am Main | >> Weitere Projekte im Profil21.12.2017Bremen: Zech kann Parkhaus Mitte kaufen und abreißenQuelle: Immobilien Zeitung, Urheber: Friedhelm Feldhaus Kurt Zech hat per­sön­lich die Zu­sa­ge vom Bre­mer Se­nat er­hal­ten, das Park­haus Mit­te kau­fen, ab­rei­ßen und an sei­ner Stel­le ei­ne Shop­ping-Pas­sa­ge bau­en zu kön­nen. mehr Lipsia plant Hochhausneubau in Leipzig-Grünau Ravensburg: Entscheid für innerstädtisches Wohngebiet Ruby kommt mit zweitem Haus nach DüsseldorfNovum übernimmt Vier-Sterne-Hotel in Frankfurt-NiederradWeitere Projekte: Mehr Nachrichten aus der Rubrik ProjekteDigitalesArt Invest gibt Geld für Start-upsIZ 51/2017, S. 3 Art In­vest steigt ins Ren­nen um die Di­gi­ta­li­sie­rung in der Im­mo­bi­li­en­bran­che ein. Die neue Toch­ter­fir­ma BitS­to­ne Ca­pi­tal ver­sorgt Start-ups mit Wag­nis­ka­pi­tal. Geld gibt es für tech­no­lo­gie­ori­en­tier­te Start-ups im R…mehrSoftware-Lösungen im DoppelpackBitStone Capital hilft Start-ups finanziell auf die Sprüngeblackprint fördert digitale Aufzugsfirma SimplifaWohnungsplattform realbest bekommt 7 Mio. Euro Mehr Nachrichten aus der Rubrik DigitalesAnlagen & FinanzenING macht Milliarden für deutsche Immobilienkredite lockerQuel­le: ING-Di­Ba Pressebild Die hol­län­di­sche Bank ING hegt Wachs­tums­plä­ne in der ge­werb­li­chen Im­mo­bi­li­en­fi­nan­zie­rung in Deutsch­land. In den nächs­ten drei Jah­ren soll der Kre­dit­be­stand auf rund 6 Mrd. Eu­ro ver­dop­pelt wer­den. …mehrKreditvolumen für Bauvorhaben wächstHSH Nordbank finanziert LEH-Investor GreenmanUnion Investment und Deutsche Asset One starten WohnfondsErstes Closing für HI-Immobilien-Multi Manager-Fonds III Mehr Nachrichten aus der Rubrik Anlagen & FinanzenRecht & SteuernMietpreisbremse: Gericht bremst Bayern erneut ausQuel­le: Im­mo­bi­li­en Zei­tung, Ur­he­ber: Alex­an­der Heintze Das Land­ge­richt Mün­chen I hat die baye­ri­sche Ver­ord­nung zur Miet­preis­brem­se für un­gül­tig er­klärt (Ur­teil vom 6. De­zem­ber 2017, Az. 14 S 10058/17). Da­mit be­stä­ti­gen die Rich­ter ein Ur­teil des Amts­ge­richts von diese…mehrBriten streichen Erstkäufern die GrunderwerbsteuerAnton Schlecker muss nicht ins GefängnisWeitere Verdächtige bei Oppenheimer Grundstücksdeal BGH entscheidet: Schriftformheilungsklausel unwirksam Mehr Nachrichten aus der Rubrik Recht & SteuernMärkteBerlin - Düsseldorf - Frankfurt am Main - Hamburg - Köln - München - StuttgartWeitere Städte im Profil21.12.2017Nachhaltigkeit nachgefragt Fast die Hälf­te der Ar­chi­tek­ten wird von Auf­trag­ge­bern nach nach­hal­ti­gen Bau­kom­po­nen­ten ge­fragt. Die Sa­che hat ei­nen Ha­ken: Nur ei­ne Min­der­heit der Auf­trag­ge­ber wä­re be­reit, für den Ein­satz sol­cher Ma­te­ria­li­en auch mehr Geld aus­zu­ge­ben. Zu dem Er­geb­nis kommt ei­ne eu­ro­pa­wei­te Um­fra­ge des Markt­for­schungs­in­sti­tuts Bau­In­fo­Con­sult un­ter 1.400 Planern.… mehr 21.12.2017München verliert EinwohnerQuelle: Immobilien Zeitung, Urheber: Alexander Heintze Das Sta­tis­ti­sche Amt der Stadt Mün­chen mel­det zum Jah­res­en­de über­ra­schend ei­nen Rück­gang bei der Be­völ­ke­rung. mehrNeue Maschinen für den Bau Mieterhaushalte geben 35% des Einkommens fürs Wohnen ausPreisanstieg für Wohnimmobilien geht weltweit zurückRekordvolumen beim Handel mit LogistikimmobilienMehr Nachrichten aus der Rubrik MärkteMarketingSavills vermittelt mit Workthere Coworkingflächen Das Mak­ler­haus Sa­vills hat sei­ne Co­wor­king­platt­form Workt­he­re von Groß­bri­tan­ni­en nach Deutsch­land ge­holt. Seit we­ni­gen Ta­gen ist die Adres­se workthere.​de frei­ge­schal­tet. Sie sam­melt An­ge­bo­te für Coworkingeinheiten…mehrDas passende Logo ist kein KinderspielGreenberg Traurig ausgezeichnetFeldhoff überschreitet LandesgrenzenBürovermittler Skepp in Deutschland Mehr Nachrichten aus der Rubrik MarketingKarriereDas sind die besten Headhunter für die Immobilienbranche Das Ma­ga­zin Wirt­schafts­wo­che (Wi­wo) hat deut­sche Un­ter­neh­men zum zwei­ten Mal dar­um ge­be­ten, über ih­re Zu­frie­den­heit mit Per­so­nal­be­ra­tern Aus­kunft zu ge­ben. In der Ka­te­go­rie Im­mo­bi­li­en er­gat­ter­ten sechs Be­ra­tun­gen …mehr""Finden Sie die Rolle, die zu Ihnen passt!""Smart City studierenWisag lockt mit FirmenwagenMEC bildet selbst aus Mehr Nachrichten aus der Rubrik KarrierePersonalienWestbridge holt Kathrin Hoffmann für Sonderprojekte Kath­rin Hoff­mann ist jetzt Di­rec­tor Busi­ness De­ve­lop­ment beim Be­triebs­kos­ten­op­ti­mie­rer West­bridge Ad­vi­so­ry aus Frank­furt am Main. Die 35-Jäh­ri­ge kommt vom En­er­gie­händ­ler Cle­an En­er­gy Sour­cing, wo sie im Prozessman…mehrStefan Lammerding bezieht Führungsposten bei Dr. Peters Lars Herzer und Udo Ninphius bereichern DI-VermietungsteamJLL Leipzig: Michael Siebert übergibt an Enrico NätherPartners Group verteilt Real-Estate-Führungsrollen neuInternos präsentiert drei neue GeschäftsführerIn den Nachrichten: Mehr Nachrichten aus der Rubrik Personalien Die aktuelle IZ-TitelstoryQuelle: Fotolia.com, Urheber: by-studio2018 wird ein Super-Jahr Die Ex­per­ten sind sich ei­nig: Für Ver­käu­fer und Ver­mie­ter von Gewerbeimmobilie… mehr Alle Nachrichten der Ausgabe 51/2017 Die meistgelesenen Nachrichten Takko-Tochter 1982 eröffnet vier neue Shops Internos präsentiert drei neue Geschäftsführer GEG kauft Franfurter Japan Center für 280 Mio. Euro ING macht Milliarden für deutsche Immobilienkredite locker 1982 wächst, und Takko eröffnet 1.500. Filiale JEDERZEIT TOP INFORMIERT! Jetzt zum IZ Wochennewsletter und IZ Update anmelden und Branchennews sichern. Jetzt kostenfrei anmelden Immobilienanwälte wer sie sind | was sie leisten | wie viel sie kosten Kanzleien in der Übersicht E-Paper zum Heft Exemplar im IZ-Shop bestellen Quelle: Immobilien Zeitung --> Die neuesten Artikel Bremen: Zech kann Parkhaus Mitte kaufen und abreißen Buwog steigert Halbjahresergebnis Düsseldorf: Italienische Anwälte kaufen an der Kö Stephan Fritsch wird Alleineigentümer von Captiva Kanzlei Hogan Lovells zieht in den Frankfurter Omniturm Mehr Artikel DIE STANDORTE, UNTERNEHMEN UND PROJEKTE IN DER IMMOBILIENWIRTSCHAFT IZ Städte IZ Unternehmen IZ Projekte Kostenfrei für Abonnenten Alle Zwangsversteigerungen in Deutschland Ein Service für IZ-Abonnenten: Alle Zwangsversteigerungen in Deutschland - täglich aktuell, übersichtlich geordnet und kostenfrei! Zwangsversteigerungen in Baden-Württemberg Zwangsversteigerungen in Bayern Zwangsversteigerungen in Hessen Zwangsversteigerungen in NRW Zwänge nach PLZ suchen MeinungQuelle: Immobilien ZeitungUnibail ist nicht unbesiegbar Mit der Übernahme von Westfield schockt der französische Centermanager Unibail… mehr Weitere Kommentare --> Aktuelle BilderstreckenDritter Jahreskongress der Immobilien-FrauenHuckepackbahnhof ist Teil des neuen Hamburger StadteingangsPreisverleihung hotelforum 2017SCPR 2017: die 10 BestplatziertenWeitere Bilderstrecken People und Events Aktuelle Jobangebote Aktuelle Jobs auf www.iz-jobs.de Aktuelle StellenanzeigenJobs der WocheAssistenz (m/w) der GeschäftsführungTeamassistenz Property Management (m/w)(Senior) Bau-/Projektcontroller (m/w)(Senior) Consultant (m/w) Retail AdvisoryBaukoordinator/-planer (m/w)ProjektentwicklerIn im WohnungsbauTechnical Manager Real Estate (m/w) in VollzeitProperty Manager/-in Gewerbe (m/w) Wohnung und/oder GewerbeNeue StellenangeboteReferent Operations Management (m/w)Projektleiter/-Manager (m/w) Risikoanalyse / BeteiligungenMarketing-Manager/in mit dem Schwerpunkt Content-MarketingZertifizierter Gutachter (m/w)Technische Objektmanagerin/Technischer Objektmanager im Bereich Immobilienmanagement Gewerbe Weitere aktuelle Stellenanzeigen finden Sie im Jobportal der Immobilien Zeitung unter IZ-Jobs.de. --> Veranstaltungen Eine Woche zurückEine Woche vorDezember/JanuarHeute Mo Di Mi Do Fr Sa So 18 18.12.2017 Frankfurt am Main : Frankfurts Banken und Hochhäuser: Commerzbank Tower Berlin : Wohnungsabnahmen rechtlich sicher durchführen ...Diesen Tag komplett anzeigen 19 19.12.2017 Hamburg : Vergabeunterlagen auftragssicher und fehlerfrei zusammenstellen Hamburg : Rechtssichere Wohn- und Nutzflächenberechnung ...Diesen Tag komplett anzeigen 20 21 22 23 24 25 26 27 28 29 30 31 1 2 3 4 5 5.1.2018 Berlin : Bautechnische Grundlagen für die Immobilienbewertung ...Diesen Tag komplett anzeigen 6 7 8 9 10 10.1.2018 München : Verkehrswertermittlung für Wohnungs- und Teileigentum Essen : Internationaler Architektur-Kongress Essen : Fachtagung Holzbau NRW ...Diesen Tag komplett anzeigen 11 11.1.2018 Fulda : Jahreskongress Immobilienbewertung Weimar : Projektmanagement für Bauherren und Planer (I+II) - Projektleitung und Projektsteuerung Hannover : Management und Steuerung von Projekten im Bauwesen ...Diesen Tag komplett anzeigen 12 12.1.2018 Köln : Internationale Wertermittlungsverfahren Hamburg : Grundlagen des Immobilienrechts für die Immobilienbewertung Berlin : Der Weg zum Bauwerk: Baudurchführung ...Diesen Tag komplett anzeigen 13 14 Veranstaltung Von Heuer-Dialog Vergangene Messen und Events Sonderseite zur Mipim • Die Messezeitung • Informationen zu den Mipim-Awards • Tipps rund um die Mipim Themenschwerpunkt zur Expo Real • Die Messezeitung • Alle Bilder zur Expo Quo Vadis - der Jahresauftakt für die Immobilienwirtschaft Die führende Jobmesse der Branche: das IZ-Karriereforum Kontakt Tel. 0611 / 97 32 6 - 0 Fax 0611 / 97 32 6 - 31 info@iz.de Kontakt für Leser: abo@iz.de Kontakt für Anzeigenkunden: Ansprechpartner und Mediadaten der IZ Themen Grunderwerbsteuer Meinungen und Kommentare Filme der Woche Expo Real MIPIM Die neuesten Artikel Die aktuelle IZ-Ausgabe Standorte Berlin Hamburg München Frankfurt am Main Stuttgart Köln Düsseldorf Für Abonnenten App IZ-Archiv Zwangsversteigerungen Hypothekenzinsen Veranstaltungen Kostenlose Marktreports Baufinanzierung Wissen Zeitung + Online Abo-Pakete in der Übersicht Täglicher Branchen-Newsletter Probelesen Unsere Leistungen Verlag Redaktion Buchverlag Karriere/Stellenangebote Anfahrt Mediadaten Pressemitteilungen FAQ Artikellizenz Weitere Angebote der Verlagsgruppe Immobilien Zeitung: Stellenangebote Jobs in Bayern Jobs in Nordrhein-Westfalen Jobs International Jobs in Hessen Jobs in Berlin Jobs in Hamburg Jobs in Frankfurt/Region Rhein-Main Veranstaltungen Aktuelle Veranstaltungen Immobilien-Kongress Quo Vadis Kundenveranstaltungen Newsletter-Archiv Bücher Immobilien-Englisch Wertermittlung Für Makler Finanzierung Karriere und Ausbildung Architektur und Städtebau IZ edition Marktberichte Büromarktberichte Einzelhandelsmarktberichte Wohnmarktberichte Reports Berlin Reports Hamburg Reports München Reports Frankfurt am Main Reports Stuttgart IZ-Wohnmarktanalyse Was ist die IZ-Wohnmarktanalyse? Analyse bestellen Günstiger im Paket Eine Beteiligung der Abo Lieferbeschränkungen Zahlungsmethoden IZ-Jobs Veranstaltungen/Heuer Dialog IZ-Shop AGB Datenschutz Impressum Zurück zur mobilen Version Für den Inhalt von verlinkten Angeboten, die nicht von der IZ Immobilien Zeitung Verlagsgesellschaft mbH stammen, wird keine Verantwortung und Haftung übernommen. © Copyright 2017: IZ Immobilien Zeitung Verlagsgesellschaft mbH. "
83,jehlebikes.de," @import url(""css/reset.css""); Fahrrad-Online-Shop und Fachmarkt in Ulm: jehlebikes.de AGB | Impressum | Versandkosten | Zahlungsweisen | Login Der Warenkorb ist noch leerKundenloginSUCHEHomeFahrräder MTB Hardtails MTB 29 Zoll Hardtails MTB 27,5 Zoll Hardtails MTB 26 Zoll Hardtails MTB 24 Zoll Hardtails MTB 20 Zoll Hardtails Fatbikes MTB vollgefedert MTB 29 Zoll Full Suspension MTB 27.5 Zoll Full Suspension MTB 27+ Full Suspension MTB 26 Zoll Full Suspension MTB 24 Zoll Full Suspension Freeride / Downhill Bikes Freeride / Downhillbikes Freeride / Downhill Bikes Freeride / Downhill Rahmen Dirtbikes / 4X BMX Trekking / Cross / Cityräder Trekkingräder Crossräder Cityräder Touringräder Retrobikes Tiefeinsteiger-Citybikes Falträder Urban Streetbikes Rennrad / Speedbike Rennräder Speedbikes Cyclocross Bahnräder Urban Streetbikes Kinderräder BMX Kinderräder 12,5"" Kinderräder 16"" Kinderräder 18"" Kinderräder 20"" MTB 20 Zoll Hardtails Jugendräder Jugendräder 24"" Jugendräder 26"" Spielfahrzeuge E-Bikes/Pedelecs Cityrad e-Bikes Crossrad e-Bikes e-Mountainbike Hardtails e-Mountainbike Fullies Trekking e-Bikes Schnelle e-Bikes (45 km/h) Fahrradzubehör Anhänger / Nachläufer Jogger Kinderanhänger Transportanhänger Anhänger Adapter und Teile Beleuchtung mit StVZO Batterie Vorderlichter mit StVZO Batterie Rücklichter mit StVZO Batterielichtsets mit StVZO Dynamobeleuchtung Beleuchtung Zubehör Beleuchtung ohne StVZO Batterielichter ohne StVZO Beleuchtung Zubehör Fahrradcomputer Fahrradcomputer kabellos Fahrradcomputer verkabelt Tacho Zubehör + Teile iPhone mount Flaschen / Halter Flaschenhalter und Zubehör Trinkflaschen Flaschen / Halter Kindersitze Kindersitze Kindersitz Zubehör Pumpen Minipumpen Langpumpen Standpumpen Gabel- / Dämpferpumpen Rahmenschutz Reflektoren / Klingeln Klingeln Reflektoren Radios Rucksäcke Rucksäcke Rucksäcke mit Trinkblase Schlösser Bügelschlösser Faltschlösser Kabelschlösser Kettenschlösser Spiralschlösser Panzerschlösser Rahmenschlösser Schlosshalter / Zubehör Schutzbleche Steckschutz vorn Steckschutz hinten Schutzblech Sets Schutzblech Zubehör Kettenradschützer Spritzschutz Reise und Promotion Taschen / Körbe / Koffer Lenkertaschen Satteltaschen Gepäcktaschen Transporttaschen Lenkerkörbe Gepäckträgerkörbe Koffer / Boxen Adapter für Taschen / Körbe Transport / Lagerung Wandhalter Abdeckungen und Zelte Werkzeuge Multi Tools Spezialwerkzeuge Pannenschutz / Pannenhilfe Werkzeugkoffer Montageständer Werkstattzubehör Fahrradteile Antrieb / Schaltung Kassetten Ketten Kurbeln / Kettenblätter Innenlager / BB Schaltwerke / Umwerfer Schaltzüge Schaltungen Zubehör Bereifung / Schläuche MTB Reifen Freeride / Downhill Reifen BMX / Dirt Reifen Trekking / City Reifen Rennrad Reifen Schläuche Pannenschutz / Pannenhilfe Bremsen Scheibenbremsen Felgenbremsen Bremshebel Bremsbeläge Bremsscheiben Bremsadapter Bremsenzubehör Dämpfer Dämpfer mit Luftfederung Dämpfer mit Stahlfeder Dämpfer Ersatzteile Dämpfer Tuning Gabeln 24 Zoll Federgabeln 26 Zoll Federgabeln 27,5 Zoll Federgabeln 28 Zoll Federgabeln 29 Zoll Federgabeln Gepäckträger Gepäckträger Festmontage Gepäckträger Sattelstütze Gepäckträger Griffe Griffe Lenkerbänder Kettenführung Kettenführungen, einfach Kettenführungen, Zubehör Kettenschutz Laufräder 27,5 Zoll MTB Laufräder % Komplette Laufradsätze % Achsen und Schrauben Felgen Lenker Freeride / Downhill Lenker MTB Lenker Rennrad Lenker Lenker Zubehör Lenkerhörnchen / BarEnds Pedale Plattform Pedale Tatzen-Pedale Klick-Pedale Kombi-Pedale Pedalplatten und Zubehör Rahmen Dirt Rahmen Freeride / Downhill Rahmen Rahmen-Gabel-Sets Sättel Mountainbike Sättel Trekking / City Sättel Rennrad Sättel Kinder und Jugendsättel Sattelstützen Sattelstützen, starr Sattelstützen, gefedert Sattelstützen, Teleskop Sattelstützen, Zubehör Sattelklemmen Schaltaugen Ständer Hinterbauständer Zweibeinständer Steuersätze Steuersätze 1″ Steuersätze 1 1/8″ Steuersätze 1.5″ Steuersätze 1.5″ Reduzierer Steuersätze 1 1/8″ -> 1.5″ Taper Steuersätze Zubehör Spacer Vorbauten A-Head Vorbau Standardvorbau Vorbau Zubehör Vorbauten Bekleidung Helme Kinderhelme City / Trekking Helme MTB Helme BMX / Dirt Helme Freeride / Downhill Helme Helmzubehör + Ersatzteile Brillen Goggles Sportbrillen Brillen Ersatzteile Trikots / Shirts Jerseys / Trikots T-Shirts Protektoren Ellenbogenprotektoren Rückenprotektoren Knieprotektoren Protektor-Jacken Protektor-Hosen Hosen Tuning Bike Tuning & Ersatzteile Federgabel Tuning Federgabel Ersatzteile Dämpfer Tuning Dämpfer Ersatzteile Dichtungen / O-Ringe Schaltaugen eBike Teile & Zubehör eBike Ersatzteile eBike Ladegeräte eBike Zubehör Reinigung / Pflege Öl / Schmiermittel Öle Schmiermittel Fahrrad Service Rock Shox Service Fahrrad Service Schlüsseldienst Pimp your Bike Last Deals Produkte NEU BEI JEHLEBIKES.DE FAHRRÄDER E-BIKES / PEDELECS FAHRRADZUBEHÖR FAHRRADTEILE BEKLEIDUNG TUNING MARKEN LAST DEALS JOBS - WIR SUCHEN DICH! Unsere Partner für Arbeitnehmer-und Firmenleasing: Beliebte Suchbegriffe Sicher & bequem Informationen Kontaktformular e-Mail an uns Newsletter abonnieren Widerrufsbelehrung Datenschutzrichtlinie AGB - Streitbeilegung Impressum Interaktiver Rundgang Anfahrt-Öffnungszeiten Versand- und Montage-Info Zahlungsweisen Herstellerlinks Die Deutsche Bahn AG, zahlreiche Stadtwerke und viele Industriebetriebe machen schon mit - fragen Sie Ihren Arbeitgeber! mehr zum ThemaZum Saisonstart: neue Modelle von Trek, Giant und Fuji! AngeboteFolgen Sie dem neuen Trend! e-Hardtails e-Fulliesprevnext1 2 3 Die Deutsche Bahn AG, zahlreiche Stadtwerke und viele Industriebetriebe machen schon mit - fragen Sie Ihren Arbeitgeber! mehr zum ThemaBergamont Trailster 8.0-25%statt 3199,00 €** (UVP)2399,00 €*MTB 27.5 Zoll 650B Full SuspensionBergamont Trailster 8.027.5"" MTB, 6013 Aluminium Rahmen Fox 34 Float Performance Gabel Fox Float DPS Performance Dämpfer 11speed Shimano Deore XT Magura MT4, hydraulische Scheibenbremse28"" (S)ausverkauft28"" (M)Lieferzeit 2-4 Werktage28"" (L)Lieferzeit 2-4 Werktage28"" (XL)Lieferzeit 2-4 Werktage> mehr InfosCorratec E-Power 28 Performance XT-17%statt 2899,00 €** (UVP)2399,00 €*Trekkingrad-ebikeCorratec E-Power 28 Performance XTEXKLUSIV BEI JEHLE/jehlebikes.de! Limitierte Sonderedition des corratec e-Power 28 10-speed Lady - ca. 40% mehr Anzugs-Drehmoment durch Bosch Performance Motor (statt Active Motor im Serienmodell) - ca. 25% mehr Reichweite durch 500Wh Akku (statt 400Wh im Serienmodell) Trapez 45 cmLieferzeit 2-4 WerktageTrapez 48 cmLieferzeit 2-4 WerktageTrapez 51 cmLieferzeit 2-4 WerktageTrapez 54 cmausverkauft> mehr InfosHaibike Edition Plus 7.40 -50%statt 1199,00 €** (UVP)599,00 €*MTB 27,5 Zoll 650B HardtailHaibike Edition Plus 7.40 Aluminium 6061 Hydroformed Tubing Rahmen Suntour Raidon LO-R-650B Plus Federgabel 20-Gang Shimano M 610 Schaltung Tektro Gemini disc brake40 cmLieferzeit 3-7 Werktage> mehr InfosHaibike Freed 7.50-35%statt 1999,00 €** (UVP)1299,00 €*MTB 27,5 Zoll 650B HardtailHaibike Freed 7.50UD-Carbon Monocoque, 27.5″ Rahmen Fox 32 Float CTD O/C, Remote Federgabel 20-Gang Shimano Deore XT Schaltung Tektro Gemini, hydraulische Scheibenbremse Schwalbe Racing Ralph Evolution Bereifung27.5"" 50 cm cyan/orange/weißLieferzeit 2-4 Werktage> mehr InfosWinora Dakar-38%statt 649,00 €** (UVP)399,00 €*CrossradWinora DakarAluminium 6061, multiformed Rahmen Suntour NEX HLO lockout Federgabel 27-Gang Shimano Deore Schaltung Gewicht: 14,2 kg28"" Herren 46 cmausverkauft28"" Herren 51 cmLieferzeit 2-4 Werktage28"" Herren 56 cmausverkauft28"" Trapez 41 cmLieferzeit 2-4 Werktage28"" Trapez 46 cmLieferzeit 2-4 Werktage28"" Trapez 51 cmausverkauft> mehr InfosHaibike Q.AM Plus 7.05-34%statt 2599,00 €** (UVP)1699,00 €*MTB 27+ 650B Full SuspensionHaibike Q.AM Plus 7.05Aluminium 6061 Hydroformed Tubing Rahmen Rock Shox Yari RC, 27,5″ PLUS Federgabel 20-Gang Sram GX Schaltung Magura MT 5, hydraulische Scheibenbremse XLC Pro Teleskop-Sattelstütze36 cmLieferzeit 3-7 Werktage40 cmLieferzeit 3-7 Werktage> mehr InfosStaiger Daytona-33%statt 749,00 €** (UVP)499,00 €*CrossradStaiger DaytonaAluminium 6061 OPD, double butted Rahmen Suntour NEX HLO lockout Federgabel 27-Gang Shimano Alivio Schaltung Shimano M355, hydraulische Scheibenbremse Gewicht: 13,3 kgDamen 44 cmLieferzeit 2-4 WerktageDamen 48 cmausverkauftHerren 52 cmausverkauft> mehr InfosHaibike XDURO Urban S Pro-10%statt 7499,00 €** (UVP)6699,00 €*Trekkingrad-ebikeHaibike XDURO Urban S ProAluminium 6061 Hydroformed Tubing Rahmen XDURO Aluminium, tapered Gabel 11-Gang Sram Force1 mediumcage Schaltung Magura MT 4, hydraulische Scheibenbremse Bosch Nyon Bordcomputer mit Bedienelement, GPS & Anfahrhilfe bis 18 km/h28"" 50 cmLieferzeit 3-7 Werktage28"" 53 cmLieferzeit 3-7 Werktage28"" 56 cmLieferzeit 3-7 Werktage28"" 59 cmLieferzeit 3-7 Werktage28"" 62 cmLieferzeit 3-7 Werktage> mehr InfosHaibike XDURO DWNHLL 8.0 -10%statt 5299,00 €** (UVP)4759,00 €*MTB eBike Full SuspensionHaibike XDURO DWNHLL 8.0 Aluminium 6061 hydroformed Gravity Casting Rahmen Bosch Performance CX, 250W Motor Bosch PowerPack 500Wh Akku RockShox BoXXer RC Federgabe RockShox Vivid Air R2C, Luft Dämpfer 10-Gang Shimano ZEE Schaltung27.5"" 42 cmLieferzeit 3-7 Werktage27.5"" 43 cmLieferzeit 3-7 Werktage27.5"" 44 cmausverkauft27.5"" 45 cmausverkauft> mehr InfosTrek Powerfly FS 8 LT Plus-13%statt 5099,00 €** (UVP)4399,00 €*MTB eBike Full SuspensionTrek Powerfly FS 8 LT PlusAlpha Platinum Aluminium, ABP Rahmen RockShox Yari RL, Solo Air Gabel RockShox Deluxe RT3 Dämpfer Shimano Deore XT M8000, 11fach Hydr. Scheibenbremsen Shimano M615 Bosch Performance CX, 500Wh Akku17.5""/44.5 cmLieferzeit unbekannt18.5""/47 cmLieferzeit 2-4 Werktage19.5""/49.5 cmLieferzeit 2-4 Werktage> mehr InfosWinora Senegal statt 449,00 €** (UVP)339,00 €*CrossradWinora Senegal Aluminium 6061 multiformed Rahmen Suntour M3010 Federgabel 21-Gang Shimano TX800 Schaltung XLC Alu V-BrakesTrapez 41 cmausverkauft> mehr InfosStaiger Virginia-38%statt 969,00 €** (UVP)599,00 €*TrekkingradStaiger VirginiaAluminium 6061 OPD Rahmen Suntour NEX HLO Lockout Federgabel 30-Gang Shimano Deore Schaltung komplett mit Kurbel Magura HS 11 Hydraulik-Felgenbremsen Shimano 3N31 Nabendynamo Gewicht: 16,3 kgHerren 48 cmausverkauftHerren 52 cmLieferzeit 2-4 WerktageHerren 56 cmausverkauftTiefeinsteiger 50 cmausverkauftTrapez 44 cmausverkauftTrapez 48 cmLieferzeit 2-4 WerktageTrapez 52 cmausverkauft> mehr InfosFuji Nevada 29"" 1.0 LTD-27%statt 1099,00 €** (UVP)799,00 €*MTB 29 Zoll HardtailsFuji Nevada 29"" 1.0 LTDFuji A2-SL custom-butted Rahmen RockShox 30 Silver Federgabel 22-Gang Shimano SLX/XT Schaltung Schwalbe Smart Sam 29"" Bereifung Shimano M365 Hydraulik-Scheibenbremsen17.0""/43.2 cmLieferzeit 2-4 Werktage19.0""/48.3 cmLieferzeit 2-4 Werktage21.0""/53.3 cmLieferzeit 2-4 Werktage> mehr InfosFuji Auric 1.7-23%statt 2999,00 €** (UVP)2299,00 €*MTB 27.5 Zoll 650B Full SuspensionFuji Auric 1.7Fuji A6-SL custom-butted Rahmen FORK Fox 36 FLOAT 27.5 Gabel REAR SHOCK Fox Float Performance 20-Gang Shimano Deore/XT Schaltung Shimano M447 hydraulic disc KS eTEN Integra dropper, 30.9mm, 100mm travel17.0""/43.2 cmLieferzeit 5-10 Werktage19.0""/48.3 cmLieferzeit 5-10 Werktage21.0""/53.3 cmLieferzeit 5-10 Werktage> mehr InfosWinora Yakun plain -10%statt 2999,00 €** (UVP)2699,00 €*Trekkingrad-ebikeWinora Yakun plain Aluminium 6061 Gravity Casting Interface hydroformed Rahmen Yamaha PW-X System, 250W Motor Yamaha Lithium Ionen Akku SR Suntour NCX-E45 LOR Lockout Federgabel 20-Gang Shimano Deore XT Schaltung Magura MT4 disc brake 27.5"" 43 cm schwarz matt/glanzLieferzeit 3-7 Werktage27.5"" 48 cm schwarz matt/glanzLieferzeit 3-7 Werktage27.5"" 53 cm schwarz matt/glanz Lieferzeit 3-7 Werktage> mehr InfosAlpina Sonnenbrille Alpina Keekor-10%statt 39,95 €** (UVP)35,95 €*SportbrilleAlpina Sonnenbrille Alpina KeekorALPINA Sonnenbrille Keekor • Keramik Scheibe : bruchfest, 100% UV A-,B-;C-Schutz bis 400nm • optimized airflow • 2-Komponeneten Design • optische Scheiben einsetzbarRahmen blau/weiß Glas blau versp.S3Lieferzeit unbekanntRahmen schwarz Glas schwarz versp.S3Lieferzeit unbekanntRahmen neongelb Glas schwarz versp.S3Lieferzeit unbekanntRahmen neongrün Glas grün versp.S3Lieferzeit unbekannt> mehr InfosAirwings Federsattelstütze Extra Bike II-13%statt 149,00 €** (UVP)129,00 €*Sattelstütze, gefedertAirwings Federsattelstütze Extra Bike IIAIRWINGS Federsattelstütze EXTRABIKE II • High-Tech-Federung für aktive Mountain-Biker! • 2 Stahlfedern (56mm/56mm), kombiniert mit • Gasdruck-Dämpfer von Suspa • hochwirksam in der Zugstufe • Feineinstellung und Gewichtsanpassung • Federweg: 50mm • für Fahrer von 70 - 90kg • Aufbauhöhe: 115,5mm • Gewicht: ab 793,5g (25,4mm Patent) • je nach Federausstattung von 50-140kg belastbar (Option)Ø 27,2mm,425mm,schwarz,mit PatentklobenLieferzeit 3-7 Werktage> mehr InfosXLC Griffe Silikon GR-S3116,95 €*GriffeXLC Griffe Silikon GR-S31XLC Griff Silikon GR-S31Material: 100% SiliconLänge: 130mmGewicht: 62g / per Paarverschiedene Farben130mm, schwarz, 100% SilikonLieferzeit 3-7 Werktage130mm, limette, 100% SilikonLieferzeit 3-7 Werktage130mm, cyan, 100% SilikonLieferzeit 3-7 Werktage130mm, rubin rot, 100% SilikonLieferzeit 3-7 Werktage130mm, rosa, 100% SilikonLieferzeit 3-7 Werktage130mm, grau, 100% SilikonLieferzeit 3-7 Werktage130mm, orange, 100% SilikonLieferzeit unbekannt130mm, rot, 100% SilikonLieferzeit 3-7 Werktage130mm, gelb, 100% SilikonLieferzeit 3-7 Werktage130mm, dunkel blau, 100% SilikonLieferzeit unbekannt> mehr InfosErgotec Alu-Pedal EP-Serie Superlight118,90 €*Tatzen-PedaleErgotec Alu-Pedal EP-Serie SuperlightErgotec Pedale EP-Serie SuperlightMaterial: CNC Aluminiumkörpereine Seite mit 8 Edelstahlpinsandere Seite ein BindungssystemIndustrielager, Pedalrückstrahler, inkl. Schuh-Cleatsschwarz, 9/16"", mit ReflektorenLieferzeit 3-7 Werktage> mehr InfosSRAM XO BB30 2.2 10-Gang 42/28Z-45%statt 437,00 €** (UVP)239,00 €*Kurbel & KettenblattSRAM XO BB30 2.2 10-Gang 42/28ZTRUVATIV Kettenradgarnitur SRAM X02 X 10-fach, X-Glide Frontschaltung, hochfest und steif, neue Carbon-Fertigungstechnik, Carbon-Faser-Verbund mit Spider aus Alu, Alu-Kettenblätter CNC bearbeitet, ewicht: ca. 728g, ohne Lager00.6115.423.080, 170mm, schwarzLieferzeit 3-7 Werktage> mehr InfosTektro Scheibenbremse Gemini-22%statt 89,95 €** (UVP)69,95 €*ScheibenbremsenTektro Scheibenbremse GeminiTektro Scheibenbremse Gemini inkl. Servicekit Systemhydraulische 2-Kolben Scheibenbremseradiale Kolbenlagerung zur optimalen Justierung am Rotor, einfache MontageVR ca. 298g, HR ca. 313g (ohne Adapter, Montageteile, Rotor)einfache Demontage der BremsbelägeHochleistungsbeläge aus einer Metall/Keramik MischungBremsmedium: MineralölPostmount kompatibelinkl. IS 2000 Adapter Bremszangewinkelverstellbarer Leitungsabschluss, passend für verschiedene Rahmengeometriengegossener Aluminiumkörper RotorVR Ø 180mmHR Ø 160mmca. 100g Polygonbremsscheibe, elegantes Air-Flow DesignHebel2-teilige, geschmiedeter Aluminiumhebel/Aluminiumschelle2-Finger DesignVR, schwarz, Ø 180mm, 800mmLieferzeit unbekanntHR, schwarz, Ø 160mm, 1500mmLieferzeit unbekannt> mehr InfosGiant XtC jr. SL 24""579,00 €*MTB 24 Zoll HardtailGiant XtC jr. SL 24""ALUXX-grade Aluminium Rahmen SR Suntour XCR Air 65mm Federgabel Shimano Altus/Acera 21-Gang Tektro HDC-M290 hydraulic disc brakes24"" rotLieferzeit 2-4 Werktage> mehr InfosBasil Doppelpacktasche Boheme-14%statt 69,95 €** (UVP)59,95 €*SatteltascheBasil Doppelpacktasche BohemeBASIL BOHEME-DOUBLE BAG, rendy Doppelpacktasche, wasserabweisendes Polyester, Kunstlederdetails, Kordelverschluss, mit zwei Bänder u.a für LED/Kindersitz/ Spannbänder/Federklappe, Doppelreflexstreifen auf allen Seiten, Inh. 35ltrjade m. Reflexstreifen 35 LiterLieferzeit 3-7 Werktage> mehr InfosDiamant ZOUMA+ 4499,00 €*Trekkingrad-ebikeDiamant ZOUMA+ Hydrogeformter RIDE+ Aluminium-Trekking-Rahmen Carbon-Starrgabel 11-Gang Shimano Deore XT Shadow Plus Schaltung hydraulische Shimano M615 Scheibenbremse Bosch Performance CX Mittelmotor 250W Bosch PowerPack 500 Akku27.5"" 45 cmLieferzeit 5-10 Werktage27.5"" 50 cmLieferzeit 5-10 Werktage27.5"" 55 cmLieferzeit 2-4 Werktage27.5"" 60 cmLieferzeit unbekannt> mehr InfosSE Bikes EVERYDAY black419,00 €*BMXSE Bikes EVERYDAY blackMid BB, 5mm Dropouts Bmx Rahmen Tapered Legs, 3/8'' Starrgabel Tektro FX350, Clearance Bremsen 3-pc Cr-Mo Kurbel, 170mm 11.32 kgschwarzLieferzeit 2-4 Werktage> mehr Infos * Alle Preise inkl. 19% gesetzlicher Mehrwertsteuer, ggf. zzgl. Versandkosten** Unverbindliche Preisempfehlung (UVP) des Herstellers in Euro, inkl. 19% gesetzlicher Mehrwertsteuer "
84,kassen-stamm.de," Waagen - Stamm Unser Sortiment Zusatzinformationen Zusatzinformationen Kontakt AGB Neuigkeiten SOLAS Bestimmungen Service Startseite Kundendaten anlegen/bearbeiten Mein Konto Newsletter An-/Abmeldung Kontaktformular Versandkosten Merkliste Um unseren CosmoShop in vollem Umfang nutzen zu können, empfehlen wir Ihnen Javascript in Ihrem Browser zu aktivieren. im gesamten Shop Registrierkassen Industriewaagen Laborwaagen Ladenwaagen Basicwaagen Medizinische Waagen Prüfgewichte Komponenten Neuheiten 2017 Sondergeräte Software Zubehör Messinstrumente Eichung Leihwaagen Leihkassen Startseite Newsletter Mein Konto zum Warenkorb: 0 Artikel / € 0,00 Gesamtbetrag € 0,00 zzgl. MwSt zzgl. Versandkosten Unser Sortiment Registrierkassen Ladenkassen PC Kassen Gastrokassen Industriewaagen Edelstahl Plattformwaagen Bodenwaagen ATEX-Waagen Tischwaagen Zählwaagen Hängewaagen Mobile Waagen FPVO-Waagen Achslastwaagen Preisrechnende Waagen Laborwaagen Analysenwaagen Präzisionswaagen Feuchtebestimmer Ladenwaagen Basicwaagen Taschenwaagen Schulwaagen Medizinische Waagen Personenwaagen Adipositaswaagen Handkraftmesser Stuhlwaagen Badezimmerwaagen Veterinärwaagen Rollstuhlwaagen Körperfettwaagen Stehhilfewaagen Größenmessstäbe Babywaagen Bettenwaagen Prüfgewichte OIML M1 OIML M3 OIML E2 OIML F1 Koffer & Etuis OIML F2 OIML E1 OIML M2 NON-OIML F1 Komponenten Plattformen Auswertegeräte Neuheiten 2017 Sondergeräte Software Zubehör Marktschalen Aluprobeschale Software Härteprüfgeräte Zubehör Rampen Drucker Schnittstellenkabel Arbeitsschutzhauben Batterien und Akkus Längenmessgeräte Stative Netzteile Plattformen Anzeigegeräte Größenmessstäbe Messinstrumente Goldprüfung Konfigurierbare Spannzeuge Kraftmessung Spannzeuge und Prüfvorrichtungen Schichtdicke Wanddickenmessung Härteprüfung von Kunststoffen (Shore) Arbeitssicherheit Härteprüfung von Metallen Längenmessung Eichung Leihwaagen Leihkassen Unsere Waren Kategorien (16 Artikel) Registrierkassen (670 Artikel) Industriewaagen (212 Artikel) Laborwaagen (6 Artikel) Ladenwaagen (28 Artikel) Basicwaagen (82 Artikel) Medizinische Waagen (611 Artikel) Prüfgewichte (83 Artikel) Komponenten (28 Artikel) Neuheiten 2017 (31 Artikel) Sondergeräte (3 Artikel) Software (882 Artikel) Zubehör (228 Artikel) Messinstrumente (1 Artikel) Eichung (1 Artikel) Leihwaagen Leihkassen Kategorien Registrierkassen (16) Industriewaagen (670) Laborwaagen (212) Ladenwaagen (6) Basicwaagen (28) Medizinische Waagen (82) Prüfgewichte (611) Komponenten (83) Neuheiten 2017 (28) Sondergeräte (31) Software (3) Zubehör (882) Messinstrumente (228) Eichung (1) Leihwaagen Leihkassen (1) Informationen Hilfe Zahlung Lieferung Zahlung Zusatzinformationen Kontakt AGB Neuigkeiten SOLAS Bestimmungen Service Startseite Kundendaten anlegen/bearbeiten Mein Konto Newsletter An-/Abmeldung Kontaktformular Versandkosten Merkliste Um unseren CosmoShop in vollem Umfang nutzen zu können, empfehlen wir Ihnen Javascript in Ihrem Browser zu aktivieren. Kontakt Stamm Waagen- und Kassensysteme GmbH & Co. KG Tel.: +49 (0) 6021 - 34 99 - 0 Email: info@waagen-stamm.de Ottostr. 14 - 16 63741 Aschaffenburg Über uns Bei uns finden Sie ein umfangreiches Sortiment an Kassen und verschiedene Kassensysteme für die unterschiedlichsten Einsatzbereiche wie z.B. Ladenkassen, Kellnerkassen, Einzel- und Verbundkassen, Scanner-Kassen, elektronische Zahlungssysteme, Systemergänzungen und -erweiterungen und noch vieles mehr. Ob im Einzelhandel oder Dienstleistungsgewerbe, im Großhandel, der Gastronomie oder dem Hotelgewerbe, in öffentlichen Einrichtungen oder Behörden - wir bieten für alle professionellen Anwender die praxisgerechte Lösung und passende Kassensysteme! Darüber hinaus bieten wir ein komplettes Programm an Waagen und Waagensystemen wie z.B. Ladenwagen, elektronische Waagen, Präzisionswaagen mit einer Genauigkeit von bis zu 0,1 Milligramm, Industriewaagen mit einer Tragkraft von bis zu 100 Tonnen und ganzen Warenwirtschaftslösungen, die den Wareneingang bis zum Verkauf begleiten. Kategorien RegistrierkassenIndustriewaagenLaborwaagenLadenwaagenBasicwaagenMedizinische WaagenPrüfgewichteKomponentenNeuheiten 2017SondergeräteSoftwareZubehörMessinstrumenteEichungLeihwaagen Leihkassen Service Datenschutz Impressum Widerruf Standort Partner Zahlungsarten Anfahrt Ihr Browser kann leider keine Frames anzeigen. Bitte klicken Sie hier um zu der Karte zu gelangen. * Alle Preise netto zzgl. MwSt. | zzgl. Versandkosten | © http://www.kassen-stamm.de/ "
85,kdt-gmbh.de," KDT Drucklufttechnik - Druckluft von A-Z | KDT Druckluft-Fachhandel Drucklufttechnik Fachberatung 07121-580576 |Mo. bis Fr. 8.00 Uhr bis 18.00 Uhr Select Language​▼ Sie haben noch keine Artikel in Ihrem Warenkorb. Ihr Konto Warenkorb Home |Engineering |Katalog |Downloads |Job & Karriere |Kontakt | Shop Top-Preisangebote !!! Druckluft-Zubehör Verbrauchsmaterialien Druckluft-Wartungsgeräte Druckluft-Werkzeuge Druckluft-Erzeugung Druckluft-Verteilung Druckluft-Speicherung Druckluft-Aufbereitung Kondensat-Aufbereitung Druckluft-Kühlgeräte Druckluft-Messgeräte Sonderanlagen Info Werden Sie Vertriebspartner !!!Umwelttechnologie-Atlas 2017Liefer- und VersandkostenDatenschutzWiderrufsrechtVerbraucherinformationenUnsere AGB für VerbraucherUnsere AGB für UnternehmerImpressumIhr persönlicher Drucklufttechnik OnlineshopDruckluftgrosshandel für Drucklufttechnik in Ihrer NäheStehende und liegende Druckluftbehälter für die Speicherung von DruckluftDruckluftrohrleitung – Damit Sie Ihre Luft optimal aufbereiten können KDT - Druckluft von A-Z Top-Preisangebote !!! Druckluft-Zubehör für alle Anwendungen in der Pneumatik, Druckluft und Hydraulik Verbrauchsmaterialien für leckagefrei Druckluftverteilungen und andere Anwendungen Druckluft-Wartungsgeräte für die Behandlung von Druckluft Druckluftwerkzeuge Neu!!! Drucklufterzeugung Druckluftverteilung Druckluftspeicherung Druckluftaufbereitung Kondensataufbereitung Druckluftkühler / Flüssigkeitskühler Druckluft-Messgeräte Sonderanlagen 4.88/5.0016 Bewertungen KDT GMBH Kompressoren- und Drucklufttechnik Hans-Böckler-Strasse 30 72770 Reutlingen Germany KONTAKT Telefon: 07121/58000-2 Telefax: 07121/580571 E-Mail: kdt@kdt-gmbh.de Skype : kdtgmbh NETZWERK Google+ Facebook Twitter YouTube gutefrage.net HOTLINE Fachberatung Montag bis Freitag 8.00 Uhr bis 18.00 Uhr Telefon 07121-580576 eCommerce Engine © 2006 xt:Commerce ShopsoftwareParse Time: 0.078s Original textContribute a better translation "
86,kochecke.at," Kochrezepte mit Bildern | Kochecke.at Kochecke.at Meine eigene Kochseite in der Kochecke! Registrieren Kontakt Rezepte Köche Forum Ich Vorspeisen und Snacks Suppen und Eintöpfe Salate Pasta, Pizza und Risotto Fisch und Meeresfrüchte Fleischgerichte Gemüsegerichte Mehl- und Süßspeisen Getränke Anderes Alle Kochrezepte Neueste Rezepte mit Bild Titel: Glutenfreies Festtagsmenü: Mohn-Hanf-Busserl 2 Rezept-Aufrufe Himmelhoch Titel: Glutenfreies Festtagsmenü: Fischfilet in Mandelkruste 5 Rezept-Aufrufe Himmelhoch Titel: Kokosschnecken 589 Rezept-Aufrufe irmgard_linz Titel: Hirtennudeln 539 Rezept-Aufrufe irmgard_linz Titel: Bacon Bomb 384 Rezept-Aufrufe Kitchenfreak Titel: Kräuterseitling Risotto 193 Rezept-Aufrufe Kitchenfreak Titel: Omelett 353 Rezept-Aufrufe irmgard_linz Titel: Torta di Nocciolona 426 Rezept-Aufrufe irmgard_linz Titel: rote Zwiebelmarmelade 268 Rezept-Aufrufe Kitchenfreak Titel: Feines Selleriesüppchen 276 Rezept-Aufrufe Erika Titel: Schoko-Ananas-Dessert 406 Rezept-Aufrufe Erika Titel: Panna Cotta 742 Rezept-Aufrufe Kitchenfreak Titel: Topfenstriezel 790 Rezept-Aufrufe irmgard_linz Titel: Topfengolatschen mit Mandarinen 801 Rezept-Aufrufe irmgard_linz Titel: Weichsellikör 312 Rezept-Aufrufe irmgard_linz Titel: Spaghetti Carbonara 704 Rezept-Aufrufe irmgard_linz Titel: Balsamico-Linsen 569 Rezept-Aufrufe irmgard_linz Titel: Funghi e Fagioli 493 Rezept-Aufrufe irmgard_linz Titel: Magic Hackbraten 856 Rezept-Aufrufe Kitchenfreak Titel: Gebrannte Rum Mandeln 674 Rezept-Aufrufe Kitchenfreak Titel: Sächsischer Zuckerkuchen 673 Rezept-Aufrufe Simi Titel: Russischer Salat 703 Rezept-Aufrufe Simi Titel: Käsekuchen ohne Boden 940 Rezept-Aufrufe Simi Titel: Blätterteigrosen 710 Rezept-Aufrufe irmgard_linz Titel: Schwedische Apfeltorte 1.281 Rezept-Aufrufe irmgard_linz Titel: Allgäuer Käseknödel 678 Rezept-Aufrufe irmgard_linz Titel: Flüssige Maggi-Alternative 569 Rezept-Aufrufe irmgard_linz Titel: Hollerlikör 566 Rezept-Aufrufe irmgard_linz 1 2 3 4 5 6 7 8 9 … nächste Seite › letzte Seite » www.Kochecke.at - Impressum - Datenschutz - Urheberrecht - Cookies "
87,kp-networks.com," KP-Networks GbR Ich stimme zuDie Seite verwendet Cookies, um Ihnen den bestmöglichen Service zu gewährleisten. Wenn Sie auf der Seite weitersurfen, stimmen Sie der Cookie-Nutzung zu Mehr InformationenCookie Consent plugin for the EU cookie lawLive-Hilfe ist online... Toggle navigation HOME Hosting Webhosting Unsere Webhostingangebote Server Server Unsere Serverangebote Colocation Colocation Unsere Colocationangebote SSL-Zertifikate SEO IT-Sicherheit IT-Sicherheit Blacklistcheck Blog Kontakt Login Managed Hosting Überlassen Sie uns die Verantwortung für Ihre Serverwartung Domains Erhalten Sie Zugriff auf über 300 TLDs! Domains in Echtzeit Preise DANE und DNSsec für sicheren E-Mail-Versand Managed Hosting Überlassen Sie uns die Verantwortung für Ihre Serverwartung Domains Erhalten Sie Zugriff auf über 300 TLDs! Domains in Echtzeit Preise 123PreviousNext Sicher Hosting made in Germany, abgesichert durch IT-Security-Produkte von Securepoint, die seit vielen Jahren erfolgreich im Einsatz sind. Schnell Profitieren Sie von unserer schnellen redundanten Internetanbindung an unserem Standort in Wuppertal. Kunden Support Bei Fragen zu Ihrem Account, unseren Produkten und Domains nutzen Sie unseren Kundensupport. Tel. 0203 7389724 Fax. 0203 7389726 Unser Twitteraccount Facebook Über uns Impressum Email: Support Email: Allgemein AGB Datenschutzerklärung Copyright © 2015. KP-Networks GbR × Login "
88,kreativgewerbe.de," <!--table,div,span,font,p{display:none} -->Please click here if you are not redirected within a few seconds. Shopping Cart Artikel:0 Preis: 0,00 EUR Home Daily offer About Us Videos Referenzen Imprint Your account Contact FAQ Sie sind hier: Home » Catalogue Categories Shop equipment Mannequins Dress form Wig Racks Furniture Barstool Cantilever chair Bistrotable Machinery Heat Press Machines Cutting Plotter Pelletpress Hammermill Stove fan Windgenerator Incubators Photo Studio Cash Boxes Motorcycle accessories Helmets Motorcycle Goggles Motorcycle Gloves Wind Masks Miscellaneous oddment Snowboardgoggles Consuming materials Others Rattan furniture Search Advanced search Best seller 14,99 EUR (incl. 19 % Tax) 13,99 EUR (incl. 19 % Tax) 9,99 EUR (incl. 19 % Tax) 14,99 EUR (incl. 19 % Tax) 9,99 EUR (incl. 19 % Tax) 12,99 EUR (incl. 19 % Tax) Glass plate with spike 19,90 EUR (incl. 19 % Tax) 249,99 EUR (incl. 19 % Tax) 299,99 EUR (incl. 19 % Tax) 299,99 EUR (incl. 19 % Tax) No matter if you are searching for a transfer press, a window mannequin, bar stools or wigs, in our shop you will hit pay dirt. Transfer presses With our Transfer presses you can print T-Shirts, caps, plates, cups, greeting cards and many other materials with beautiful pictures or or fancy subjects! Our presses' printing plates are manufactured of teflon, hence they are fireproof and further the glue of printed material cannot damage the surface! Whether the purpose of your purchase is private or commercial, no matter if you like individual and fancy designs or you want to sell them, in our shop you will certainly hit pay dirt and can become creative very quickly! Window Mannequins The Window Mannequin is the first thing, that catches a customers' attention when he passes by a store. Therefore mannequins are a „must” for every clothing store. Not only is the dummies' visual effect very impressive, furthermore they are very convenient. They are addressing the potential customer and raise the very deciding consumer interest. Regardless of whether you have a lady boutique, a small store with brand clothing, if you are a gentleman's clothier or sell clothes for children, our assortment has to offer a beautiful piece for anybody. Our Window Mannequins are available in different colors, no matter if in natural skin tones, a noble black, white or in extraordinary colors such as god and silver - here you can find them all! Posh your window display up with a Mannequin and in this way increase your disposals Bar stools We offer a wide range of unique designs of bar stools in various styles and colors! Whether for the own private party lounge, the kitchen or commercial demand, our first-class Bar stools offer ergonomically seating pleasure considering all areas at a very convincing value-for-money ratio. The quality speaks for itself: All or our stools are manufacture of high valued chrome steel, spring-suspended by a TÜV/ LGA- construction certified gas spring, upholstered with excellent PU-leather or cowhide. Classy bar stools could embellish you home as well. Wigs Our choice of wigs is enormous. Regardless of whether you want to achieve a more different or elegant look for the next gala night, you just want to dress up as a devil for Halloween, if there is demand for Wigs in day-to-day life or if you have the purpose to posh up your window mannequin, our assortment has to offer something for everybody. Our wigs are all made of synthetic hair. Our assortment contains wigs consisting of 100 % polyester and high valued wigs made of 100 % Kanekalon. Daily offer – 24 hour special Every day from 12 am to 12 am the daily offer provides you with the option to buy one product taken of our assortment for a sensational cheap price. The daily discount on this special article is only valid 24 hours and only while stock lasts. Thus catch hold of this offer quickly! Tailor's dummies Here you find a wide range of different tailor's dummies. There are subjects with wood and metal base at choice. We also offer tailor's dummies for children. Just browse a little bit and you will find the perfect tailor's dummy fitting your needs. If you have any furhter question, do not hesistate to contact us. Further categories of our shop you can find in the left corner at the top. Contact Imprint Privacy Policy Terms Shipping costs Right of Rescission Kunden werben Kunden Online - Streitschlichtungsplattform Affiliate Program Qubeat GmbH Kraatzer Weg 13a 16775 Gransee Tel.: 030 / 609 898 480 "
89,kreuzfahrtberater.de, Host Europe GmbH – www.kreuzfahrtberater.de www.kreuzfahrtberater.de Diese Webpräsenz befindet sich noch im Aufbau. Bitte versuchen Sie es zu einem späteren Zeitpunkt noch einmal. This site is currently under construction. Please try again later. 
90,kreuzfahrten-zentrale.de," Kreuzfahrten – Kreuzfahrt – Schiffs- und Seereisen Astoria Reisebüro Unser Team Facebook Kontakt Newsletter Impressum AGB Flussreisen.de » Startseite Top-Angebote Reiseziele Reedereien Themen Bestpreis-Garantie Ratgeber TUI Cruises Last Minute Luxus Festtage Kreuzfahrten mit Flug Flussreisen Schiffe TUI Cruises - Die Wohlfühlschiffe, jetzt PREMIUM ALLES INKLUSIVE Herzlich willkommen auf kreuzfahrten-zentrale.de Jetzt Reisegutschein über 30 € sichern! MSC Kreuzfahrten - Die perfekte Urlaubsdestination. AIDA - Hier finden Sie Ihren Traumurlaub Faszination Kreuzfahrt - MS Amadea - MS Artania - MS Albatros - MS Deutschland TUI Cruises - Die Wohlfühlschiffe, jetzt PREMIUM ALLES INKLUSIVE Herzlich willkommen auf kreuzfahrten-zentrale.deprevnext Orient im Winter- Jetzt Sonderpreise buchen Traumziel Karibik zu TOP Preisen Top-Angebote Perlen am Mittelmeer 3 mit AIDAperla Januar 2018 - Februar 2018 7 Tage Mallorca - Mallorca Exklusiv-Preis inkl. Flug Spanien, Italien, Frankreich ab € 549,- zum Angebot Adria ab Venedig mit AIDAblu April - Juni 2018 7 Tage Venedig - Venedig Exklusiv-Preis inkl. Flug Italien, Kroatien, Griechenland ab € 1.099,- zum Angebot Land der Wikinger mit Costa Favolosa 22. Juni 2018 7 Tage Warnemünde - Warnemünde Exklusiver Sonderpreis! Norwegen, Dänemark ab € 699,- zum Angebot Südnorwegen mit Oslo mit Mein Schiff 3 31. Mai 2018 7 Tage Bremerhaven - Bremerh. Exklusiver Sonderpreis Norwegen ab € 1.095,- zum Angebot Dubai trifft östl. Mittelmeer II mit Mein Schiff 5 26. März 2018 15 Tage Dubai - Antalya Balkon-Sonderpreise! Ägypten, Jordanien, Oman, VAE, Türkei ab € 1.995,- zum Angebot Norwegen & Nordkap mit MSC Meraviglia 10. Mai 2018 10 Tage Hamburg - Hamburg Exklusiver Sonderpreis! Norwegen ab € 1.069,- zum Angebot Südskandinavien vom Feinsten mit MS Albatros 28. April 2018 8 Tage Bremerhaven - Bremerh. Jetzt Buchungsvorteile sichern! Norwegen, Dänemark, Polen, Deutschland ab € 999,- zum Angebot Kurs Kanaren & Madeira mit MS Albatros 05. Oktober 2018 18 Tage Bremerhaven - Bremerh. Jetzt Buchungsvorteile sichern! England, Portugal, Marokko, Spanien, Frankreich ab € 2.199,- zum Angebot Ostsee 2 mit AIDAdiva Mai - August 2018 10 Tage Warnemünde - Warnem. Jetzt Neu - VARIO Preis Deutschland, Estland, Russland, Finnland, Schweden, Polen, Dänemark ab € 1.149,- zum Angebot Skandinavien - Island mit Queen Victoria 24. Juni 2018 15 Tage Hamburg - Hamburg Viele Zusatzleistungen inkl. Deutschland, Island, Dänemark ab € 2.790,- zum Angebot Großbritannien mit Irland II mit Mein Schiff 3 07. Juni 2018 14 Tage Bremerhaven - Bremerh. Exklusive Sonderpreise! Großbritannien, Irland ab € 2.395,- zum Angebot Metropolen des Nordens mit Costa Pacifica 31. Juli 2018 11 Tage Kiel - Kiel Exklusive Sonderreise! Deutschland, Schweden, Finnland, Russland, Estland, Lettland, Litauen, Polen ab € 1.199,- zum Angebot Karibik ab/bis Barbados mit Mein Schiff 3 Januar - März 2018 14 Tage Bridgetown - Bridgetown Exklusiv-Preis inkl. Flug Karibik ab € 1.799,- zum Angebot Kanaren & Madeira 3 mit AIDAprima Januar 2018 - April 2018 7 Tage Gran Canaria - Gran Canaria Sonderpreis inkl. Flug! Spanien ab € 699,- zum Angebot Orient ab Dubai mit AIDAstella Januar 2018 - Februar 2018 7 Tage Dubai - Dubai Sonderpreis inkl. Flug! Vereinigte Arabische Emirate, Bahrain, Oman ab € 1.095,- zum Angebot Erfahren Sie mehr über uns Wählen Sie Ihr Reiseziel Alaska Spitzbergen Nordkap Grönland Island USA Westküste Mittelamerika Karibik USA Ostküste Transatlantik Kanaren Südamerika Antarktis Südostasien Indischer Ozean Australien und Südsee Orient Nordsee Ostsee Schwarzes Meer Östliches Mittelmeer Britische Inseln Westliches Mittelmeer Alle Zielgebiete Bitte wählen Afrika Alaska Amerika Antarktis Asien Australien & Südsee Britische Inseln Grönland Indischer Ozean Island Kanaren Karibik Mittelamerika Mittelmeer Mittelmeer Ost Mittelmeer West Nordkap Nordsee Orient Ostsee Polargebiete Schwarzes Meer Spitzbergen Südamerika Südostasien Südsee & Australien Transatlantik USA Ostküste USA Westküste Weltreisen Westeuropa Suchen Sie Erholung und Entspannung auf Flusskreuzfahrten? Dann schauen Sie doch unter Flussreisen.de Top-Ziele Kreuzfahrt Mittelmeer Kreuzfahrt Nordkap Ostsee Kreuzfahrten Kreuzfahrt östliches Mittelmeer Kreuzfahrt Norwegen Kreuzfahrten Kanaren Karibikkreuzfahrten Top-Reedereien MSC Kreuzfahrten AIDA Cruises TUI Cruises Costa Kreuzfahrten Celebrity Cruises Phoenix Kreuzfahrten Cunard Hurtigruten Top-Themen Kreuzfahrten last minute Kreuzfahrten mit Flug Deutschsprachige Kreuzfahrten Minikreuzfahrt Weltreisen Kreuzfahrten 2015 Kreuzfahrt 2016 All Inklusive Kreuzfahrtsuche Früheste Abreise Späteste Rückreise Zielgebiet Alle Zielgebiete Adria Afrika Alaska Amerika Antarktis Asien Australien & Südsee Britische Inseln Grönland Indischer Ozean Island Kanaren Karibik Mittelamerika Mittelmeer Mittelmeer Ost Mittelmeer West Nordamerika Ostküste Nordamerika Westküste Nordkap Nordsee Orient Ostsee Polargebiete Schwarzes Meer Spitzbergen Südamerika Südostasien Südsee & Australien Transatlantik Weltreisen Westeuropa Reederei / Schiff Alle Reedereien AIDA Cruises - AIDAaura - AIDAbella - AIDAblu - AIDAcara - AIDAdiva - AIDAluna - AIDAmar - AIDAnova - AIDAperla - AIDAprima - AIDAsol - AIDAstella - AIDAvitaAzamara Club Cruises - Azamara Journey - Azamara QuestCarnival Cruise Lines - Carnival Breeze - Carnival Conquest - Carnival Dream - Carnival Ecstasy - Carnival Elation - Carnival Fantasy - Carnival Fascination - Carnival Freedom - Carnival Glory - Carnival Imagination - Carnival Inspiration - Carnival Legend - Carnival Liberty - Carnival Magic - Carnival Miracle - Carnival Paradise - Carnival Pride - Carnival Sensation - Carnival Spirit - Carnival Splendor - Carnival Sunshine - Carnival Triumph - Carnival Valor - Carnival Victory - Carnival VistaCelebrity Cruises - Celebrity Constellation - Celebrity Eclipse - Celebrity Equinox - Celebrity Infinity - Celebrity Millennium - Celebrity Reflection - Celebrity Silhouette - Celebrity Solstice - Celebrity Summit - Celebrity Xpedition - EquinoxCosta Kreuzfahrten - Costa Deliziosa - Costa Diadema - Costa Fascinosa - Costa Favolosa - Costa Luminosa - Costa Magica - Costa Mediterranea - Costa neoClassica - Costa neoRiviera - Costa Pacifica - Costa VictoriaCrystal Cruises - Crystal Serenity - Crystal SymphonyCunard - Queen Elizabeth - Queen Mary 2 - Queen VictoriaDisney Cruise Line - Disney Dream - Disney MagicFTI - MS BerlinHansa Touristik - MS Ocean MajestyHapag-Lloyd Cruises - MS Bremen - MS Europa - MS Europa 2 - MS HanseaticHolland America - MS Amsterdam - MS Eurodam - MS Koningsdam - MS Maasdam - MS Nieuw Amsterdam - MS Noordam - MS Oosterdam - MS Prinsendam - MS Rotterdam - MS Veendam - MS Volendam - MS Westerdam - MS Zaandam - MS ZuiderdamHurtigruten - MS Finnmarken - MS Fram - MS Kong Harald - MS Lofoten - MS Midnatsol - MS Nordkapp - MS Nordlys - MS Nordnorge - MS Nordstjernen - MS Polarlys - MS Roald Amundsen - MS Spitsbergen - MS Trollfjord - MS Vesteralen - Richard WithMSC Kreuzfahrten - MSC Armonia - MSC Bellissima - MSC Divina - MSC Fantasia - MSC Lirica - MSC Magnifica - MSC Meraviglia - MSC Musica - MSC Opera - MSC Orchestra - MSC Poesia - MSC Preziosa - MSC Seaside - MSC Seaview - MSC Sinfonia - MSC SplendidaNCL Norwegian Cruise Line - Norwegian Bliss - Norwegian Breakaway - Norwegian Dawn - Norwegian Epic - Norwegian Escape - Norwegian Gem - Norwegian Getaway - Norwegian Jade - Norwegian Jewel - Norwegian Pearl - Norwegian Sky - Norwegian Spirit - Norwegian Star - Norwegian Sun - Pride of AmericaOceania Cruises - Insignia - Marina - Nautica - Regatta - Riviera - SirenaP&O Cruises - Adonia - Arcadia - Aurora - Azura - Britannia - Oceana - Oriana - VenturaPhoenix - MS Albatros - MS Amadea - MS Artania - MS DeutschlandPlantours & Partner - MS HamburgPonant - Le Boreal - Le Ponant - Le Soeal - L`AustralPrincess Cruises - Caribbean Princess - Coral Princess - Crown Princess - Dawn Princess - Diamond Princess - Emerald Princess - Golden Princess - Grand Princess - Island Princess - Ocean Princess - Pacific Princess - Regal Princess - Royal Princess - Ruby Princess - Sapphire Princess - Sea Princess - Star Princess - Sun PrincessRegent Seven Seas Cruises - Seven Seas Explorer - Seven Seas Mariner - Seven Seas Navigator - Seven Seas VoyagerRoyal Caribbean International - Adventure Of The Seas - Allure of the Seas - Anthem of the Seas - Brilliance Of The Seas - Enchantment Of The Seas - Explorer Of The Seas - Freedom Of The Seas - Grandeur Of The Seas - Harmony of the Seas - Independence Of The Seas - Jewel Of The Seas - Legend Of The Seas - Liberty Of The Seas - Majesty Of The Seas - Mariner Of The Seas - Navigator Of The Seas - Oasis of the Seas - Ovation of the Seas - Quantum of the Seas - Radiance Of The Seas - Rhapsody Of The Seas - Serenade Of The Seas - Vision Of The Seas - Voyager Of The SeasSea Cloud Cruises - Sea Cloud - Sea Cloud IISeabourn - Encore - Odyssey - Quest - SojournSeaDream Yacht Club - SeaDream I - SeaDream IISilversea Cruises - Silver Cloud - Silver Discoverer - Silver Explorer - Silver Galapagos - Silver Shadow - Silver Spirit - Silver Whisper - Silver WindStar Clippers - Royal Clipper - Star Clipper - Star FlyerTransOcean - Astor - Columbus - MagellanTUI Cruises - Mein Schiff 1 - Mein Schiff 1 (NEU) - Mein Schiff 2 - Mein Schiff 3 - Mein Schiff 4 - Mein Schiff 5 - Mein Schiff 6 Schnellsuche Angebotsnummer eingeben: Sie betrachten Angebot Nr. INDX Kreuzfahrt-Zeitung AIDA Just AIDA TUI Cruises Fluss-Kreuzfahrten Service Last Minute Specials Kreuzfahrten-Zentrale Telefonische Beratung & Buchung: Montag - Freitag 08.00 - 20.00 Uhr Samstag 08.00 - 18.00 Uhr Sonntag 10.00 - 18.00 Uhr Telefon: 0541 - 330 93 0 E-Mail: Schreiben Sie uns eine E-Mail an info@kreuzfahrten-zentrale.de oder benutzen Sie unser Kontaktformular. © Astoria Reisebüro 2017 Beratungs- und Buchungshotline: 0541. 330 930 Astoria Reisebüro Unser Team Facebook Kontakt Newsletter Impressum AGB Jobs Reiseanmeldung Seitenanfang Archiv Seite drucken Astoria Reisebüro · Beratungs- und Buchungshotline: (05 41) 33 09 30 · Telefax (05 41) 2 68 42 Dielingerstraße 1-6 · 49074 Osnabrück info@kreuzfahrten-zentrale.de · www.kreuzfahrten-zentrale.de "
91,ktmschnellversand.de," KTM Schnellversand | Der KTM Onlineshop Home News Hol- und Bringservice Racing News Events Fahrzeuge Newsletter Archiv Onlineshop Über uns Info’s Hol- und Bringservice Versandarten Zahlungsarten Rücksendungen Motorradvermietung Unsere Gebrauchten Neufahrzeuge MX Enduro Freeride E-Ride Super Moto Travel Super Tourer Naked Super Sport KTM_Care Newsletter Kontakt Login GO Warenkorb 0 Artikel (0,00 EUR) GO Powerparts & ZubehörEnduristan GepäcktaschenOffroadSXS TeileWerkzeug & TransportAuspuffLenker, Instrumente & ElektrikCNC-Teile eloxiertDekoreSitzbänkeFussrastenTanksFahrwerk & FederungRäderKetten & KettenräderBremsenKühlungSchutzLuftfilter-ZubehörNavigation & GepäckFreerideMiniOnroad125, 200, 250 & 390 Duke125, 200, 250 & 390 RC690 LC41050-1290 Adventure1290 Super Duke R / GTToolsCNC KupplungsnehmerzylinderReparaturanleitungenPowerwear & BekleidungOffroadOnroadKini RedBullOffroad KidsCasualStyleRacegirlRacekidKTM/RedBullAccessories, Caps & Bags etc.Troy Lee DesignAngeboteSALE T-Shirts/Hemden/PolosSALE Sweatshirts/HoodiesSALE JackenSALE HosenSALE HelmeSALE HandschuheSALE AccessoriesSALE ProtektionSALE KinderSALE SchuheSALE Offroad BekleidungVerschleißteileÖlfilterÖlfilterkitsBremsbelägeKettenräder, Ritzel & KettenKettenKettenräderRitzelKettensätzeLuftfilterZündkerzenBatterienHebelKupplungshebelHandbremshebelKupplungskitsRadlagerVorneHintenSchmiermittelMotoröl 4-TaktLuftfilter PflegeMischöl 2-TaktKettenpflegeSpezialöle/Flüssigkeiten/FetteReinigungKTM ErsatzteileGARMINAngebote HOMEPAGE PRODUKTE Previous Next Unsere Gebrauchten Ersatzteil Katalog FACEBOOK Angebote Unsere Highlights Previous XL/36 KTM * HQ ADVENTURE PANTS 279,00 EUR 494,86 EUR . 46, TC222 2017 Sidi Crossfire 3 SRS TC222 46 449,90 EUR 519,95 EUR . CARBON MATT MIZU CARBON KOTFLÜGEL HI. DUKE 125 /390 74,90 EUR 96,00 EUR . Schnellansicht KTM RACING TEE ORANGE XL 19,90 EUR 24,69 EUR . CARBON GLANZ KTM Team West CARBON KOTFLÜGEL VO SUPER DUKE 14-16 349,90 EUR . Schnellansicht KTM KALENDER 2018 9,90 EUR . XL AIROH AVIATOR COLOR WHITE 349,90 EUR . Schnellansicht FuelFriend FUEL FRIEND 1L 12,90 EUR . Schnellansicht R&G RACING KENNZEICHENHALTER DUKE 125-390 2017 134,90 EUR . XXL, schwarz KTM RIDING SHORTS 79,30 EUR . Größe / Farbe KTM * BICOLOUR JEANS 59,90 EUR 81,22 EUR . Größe / Farbe KTM MANAGUA GTX TECHAIR JACKET 841,00 EUR . XL/36 KTM * HQ ADVENTURE PANTS 279,00 EUR 494,86 EUR . 46, TC222 2017 Sidi Crossfire 3 SRS TC222 46 449,90 EUR 519,95 EUR . CARBON MATT MIZU CARBON KOTFLÜGEL HI. DUKE 125 /390 74,90 EUR 96,00 EUR . Schnellansicht KTM RACING TEE ORANGE XL 19,90 EUR 24,69 EUR . CARBON GLANZ KTM Team West CARBON KOTFLÜGEL VO SUPER DUKE 14-16 349,90 EUR . Schnellansicht KTM KALENDER 2018 9,90 EUR . XL AIROH AVIATOR COLOR WHITE 349,90 EUR . Schnellansicht FuelFriend FUEL FRIEND 1L 12,90 EUR . Schnellansicht R&G RACING KENNZEICHENHALTER DUKE 125-390 2017 134,90 EUR . XXL, schwarz KTM RIDING SHORTS 79,30 EUR . Next Neuigkeiten KTM Powerdays, jetzt 50,- € Gutschein sichern Auch in diesem Jahr gibt es wieder die KTM Power Days Aktion. Damit [mehr…] KTM Nikolaustag Auch dieses Jahr findet wieder der traditionelle KTM Nikolaus Tag statt. Es erwarten [mehr…] Hol- und Bringservice Sie haben wenig Zeit oder das Herbst-/Winterwetter verführt nicht gerade zur Fahrt. Kein [mehr…] Perfect sweep for Red Bull KTM Factory Racing at Qatar MXGP season opener Two weeks of (rare) rainfall in the build-up to the 2017 MXGP opener [mehr…] Kundeninformationen:Kontakt Versandarten Zahlungsarten AGB Widerrufsrecht Datenschutz Impressum Rücksendungen Newsletter Kontakt: Project Moto Rütter und Holte GmbH Pfälzer Str. 77 46145 Oberhausen Telefon 0208-629560 Telefax 0208-6281283 info@ktmteamwest.de Öffnungszeiten:Montag - Freitag: 9:00 - 18:30 Uhr Samstag: 9:00 - 13:00 Uhr OKHinweis zu Cookies:Wir möchte Ihnen den bestmöglichen Service bieten. Dazu speichern wir Informationen über Ihren Besuch in sogenannten Cookies. Durch die Nutzung dieser Webseite erklären Sie sich mit der Verwendung von Cookies einverstanden. Weitere Informationen finden Sie der Datenschutzerklärung. Details ansehen"
92,kuechle.de," Küchle - Backen, Dekorieren, Oblaten, Esspapier & Rezepte Export Gewerbe Presse Kontakt Shop de en Produktwelt Produktwelt schließen Backen zurück Backen close Backmischungen zurück Backmischungen close Basic Mix zurück Basic Mix close Basic Mix Dunkle Schokolade Basic Mix Karamell Basic Mix Limette Basic Mix Vanille Basic Mix Übersicht Ostern zurück Ostern close Oster-Muffins Schoko Oster-Muffins Vanille Lizenzen zurück Lizenzen close Emoji Cookies Emoji Mini-Muffins Trolls Mini-Muffins Backzutaten zurück Backzutaten close Bäckerstärke Biskuit Perfekt Dekor-Schnee Saftstopp San-apart San-apart Schoko San-apart Erdbeer Mirror Glaze - white Mirror Glaze - dark Mirror Glaze - pink Backoblaten zurück Backoblaten close Backoblaten 40-90 mm Backoblaten eckig Bio Oblaten Grüne Oblaten Rosa Oblaten Schwarze Oblaten Vollkorn Oblaten Backzubehör zurück Backzubehör close Buch Anblaten und Offladen Plätzchen-Portionierer Dekorieren zurück Dekorieren close Deko-Oblaten Bayern Edition Deko-Oblaten I Love You Edition Deko-Oblaten Oster Edition Deko-Oblaten X-Mas Edition Deko-Oblaten Emoji Deko-Oblaten Trolls Grüne Oblaten Rosa Oblaten Schwarze Oblaten Oblaten-Blätter Oblaten-Blumen Oblaten zurück Oblaten close Backoblaten zurück Backoblaten close Backoblaten 40-70 mm Backoblaten eckig Bio Oblaten Grüne Oblaten Rosa Oblaten Schwarze Oblaten Vollkorn Oblaten Deko-Oblaten zurück Deko-Oblaten close Deko-Oblaten Bayern Deko-Oblaten I love you Deko-Oblaten Ostern Deko-Oblaten X-Mas Edition Deko-Oblaten Emoji Deko-Oblaten Trolls Grüne Oblaten Rosa Oblaten Schwarze Oblaten Oblaten-Blätter Oblaten-Blumen Oblateria zurück Oblateria close Oblaten Eierlikörgeschmack Oblaten Kaffeegeschmack Oblaten Rumgeschmack Oblaten Schokoladengeschmack Esspapier zurück Esspapier close Knabbi zurück Knabbi close Knabber-Esspapier Knabber-Esspapier Einhorn Edition Knabber-Esspapier Fußball Edition Knabber-Esspapier Zungentattoos Fussball Knabber-Esspapier Zungentattoo Essbare Notizzettel Ostern zurück Ostern close Ostergras Blau Ostergras Gelb Ostergras Grün Ostergras Rosa Lizenzen zurück Lizenzen close Emoji zurück Emoji close Knabber-Esspapier Emoji Brotzeitdosen Emoji Essbare Notizzettel Emoji Zungentattoos Emoji Trolls zurück Trolls close Brotzeitdose Trolls Ideenwelt Ideenwelt schließen Junges Backen Oktoberfest Herbst Rezeptwelt Rezeptwelt schließen Jahreszeiten zurück Jahreszeiten close Frühjahr Sommer Herbst Winter Anlässe zurück Anlässe close Erdbeerzeit Fußball Hochzeit Kindergeburtstag Muttertag und Vatertag Ostern Valentinstag Weihnachten Motto zurück Motto close Johann Lafer Schokolade Trends zurück Trends close Dekor-Schnee Junges Backen Vegan Küchle-Welt Küchle-Welt schließen Das Unternehmen Unser Werk Unsere Historie Werksverkauf Küchle-Zott Jobs & Karriere Hier entdecken! Hier mehr erfahren! Hier entdecken! Hier entdecken! Hier entdecken! Hier mehr erfahren! Herzlich Willkommen bei Küchle Auf unserer Seite erfährst du alles rund um die Themen Backen und Dekorieren, über Oblaten und Esspapier, über vielfältige, kreative und raffinierte Rezepte sowie über inspirierende und informative Ideenwelten. Entdecken die qualitative Welt von Küchle und stöbere in unserer Historie und Philosophie. Unsere Produktwelt lässt darüber hinaus keine Wünsche offen - selbst eine Onlinebestellung im Shop ist möglich. Wir freuen uns über deinen Besuch und wünschen dir viel Spaß beim Stöbern! Produktwelt In unserer Produktwelt findest du immer alle aktuellen Produkte von Küchle. Die neuesten Backmischungen, ausgefallenes Esspapier mit süßen Einhörnern oder schöne Deko-Oblaten – hier bist du immer auf dem neuesten Stand. Ideenwelt Bei unseren Ideenwelten erfährst du alles rund um aktuelle Themen wie beispielsweise Valentinstag, Fasching und neue Trends. Von leckeren Rezepten über schöne Produkte hin zu lustigen Fakten, informativem Wissen und coole Deko-Ideen. Rezeptwelt Du bist auf der Suche nach neuen und ausgefallenen Rezeptideen? In unseren Rezeptwelten findest du für jeden Anlass das passende Rezept für Kuchen, Torten, Muffins, Cupcakes, Cake-Pops, etc. Hier ist für jeden etwas dabei. Show Star – Auszeichnung für Kreativität Auf der diesjährigen Internationalen Süßwarenmesse (ISM) in Köln, der weltweit größten Messe für Süßwaren und Snacks wurde der Basic Mix mit dem Show Star in der Kategorie „Kreativität“ ausgezeichnet. Dieser Preis wird vom Convenience Shop und der Lebensmittel Praxis für ISM-Messe-Neuheiten verliehen. Zum Produkt Entdecke unsere Rezeptwelt Aktuelle Trends, schöne Rezepte zum Valentinstag und passend für jede Jahreszeit. Schöne Rezepte für Groß und Klein Ideenwelt Kinder Zu unseren veganen Rezepten Vegane Rezepte Entdecke unsere Rezepte Herbst Entdecke unsere Rezepte Suche Küchle-Welt Das Unternehmen Küchle Die W. u. H. Küchle GmbH & Co. KG steht für hochwertige Oblatenprodukte und pfiffige Ideen rund ums Backen. Heute wie gestern! Erfahre mehr über uns Die bunte Welt der Knabbi-Maus Die bunte Welt von Knabbi Kennst du eigentlich schon alle Knabber-Esspapier-Ideen? Sooo lecker! Klick dich doch auf unserer neuen Seite Knabbi.de einfach mal durch. Du wirst staunen, was sich unsere Knabbi-Maus alles ausgedacht hat. Hier geht´s zu knabbi.de Küchle im Social Web Über uns Das Unternehmen Unser Werk Unsere Historie Werksverkauf Gewerbe Knabbi.de Allgemeines Datenschutz Impressum Presse Suche Kontakt Kontakt W. u. H. Küchle GmbH & Co. KG Bahnhofstraße 12 89312 Günzburg Telefon: 08221 - 36 45 0 Telefax: 08221 - 34 617 E-Mail: info@kuechle.de "
93,kuerbis-company.de," Startseite - Thomas-Haenraets GbR Menü Facebook SchließenStartseite Kürbis Deko Anbau Verkauf Über Uns Anfahrt Kürbis Rezepte Weiterlesen für Händler Kürbis Verkauf Weiterlesen Kürbis Anbau Weiterlesen Über uns Erfahren Sie mehr Weiterlesen Zurück Weiter 1234 Allgemein Herzlich Willkommen Herzlich Willkommen auf unserer neuen Homepage Die Seiten unserer neuen Homepage befinden sich noch im Aufbau, aber Tag für Tag kommen neue Beiträge, Rezepte und Dekorationsideen hinzu. Besuchen Sie unsere Seite wieder, wir würden uns freuen. Wir geben uns die größte Mühe Ihnen eine informative und übersichtliche Homepage zur Verfügung zu stellen. Weiterlesen Allgemein Basteln Deko Kürbis Handbemalte Kürbisse Auf einer Fläche von 500 qm werden unsere Kürbisse von Aneta Thomas in ihrem Atelier handbemalt. Jeder Kürbis ist ein Unikat – mal frech, mal ein wenig mädchenhaft, manchmal einfach nur zum schmunzeln gibt Aneta Thomas jedem Kürbis ein Gesicht – und alles von Hand. Das Team um Aneta Thomas zeichnet vor, füllt die Konturen […] Weiterlesen Allgemein Göttlich genießen – im domradio Köln am 21.10.2017 um 10.40h Am 21.10.2017 um 10.40h gibt Alexander Thomas ein Interview im domradio Köln zum Thema Kürbis, die Unterschiede, die Geschmacksrichtungen und Rezepte. Hören Sie Sie rein und lassen Sie sich inspirieren. Wir wünschen Ihnen viel Spaß !!! Weiterlesen Allgemein Wir laden ein zum Halloweenfest Herzliche Einladung zu unserem Familien Halloweenfest am Sonntag, den 29.10.2017 ab 16 Uhr ! Es erwartet Sie: Kürbis Schnitzwettbewerb, Kürbis bemalen, Stockbrot an der Feuerschale, Besichtigung unseren einzigartigen Kürbisgarten, Figuren hergestellt aus Kürbisse und vieles mehr … Sehen und Staunen, wie schön der Herbst sein kann und was man aus Kürbisse alles machen kann. Das […] Weiterlesen Allgemein Kürbis Speisekürbis C. ficifolia – ein Speisekürbis Dieser Kürbis auch Feigenblattkürbis genannt, erinnert optisch an eine Wassermelone. Das Fruchtfleisch ist süß und wie bei einer Wassermelone sind schwearze Kerne bei einem vollreifen Kürbis im Fruchtfleisch verteilt. Weiterlesen Allgemein Butternut – Lustige Form, leckerer Inhalt Lustige Form, leckerer Inhalt – das zeichnet den Butternut-Kürbis. Er wird wegen seiner Form auch Birnenkürbis genannt Weiterlesen Allgemein Kürbisfest Das Kürbisfest Alexander & Aneta Thomas haben am 17. September 2017 ihren Hof und Garten der CDU Hürth für ein wunderschönes Kürbisfest zur Verfügung gestellt. Die Sonne lachte den Besuchern entgegen und lies die Kürbiswelt strahlen. Der Garten und Hof wurde von Aneta Thomas dekoriert und sie kümmerte sich liebevoll um die kleinen Künstler und […] Weiterlesen Flyer, Rezepte und Anleitungen In dem folgenden Beitrag finden Sie unsere Flyer als PDF Download. Wir wünschen Ihnen viel Spaß mit unseren Flyern, Rezepten und vielem mehr. Anfahrt für LKWs LKW Fahrer bitten wir die Hinweise für unsere Anfahrt zu beachten. Hier erfahren Sie weitere Details. Kürbis Deko Anbau Verkauf Über Uns Anfahrt ©2017 Thomas-Haenraets GbR. Alle Rechte vorbehalten Impressum Datenschutz Nach Oben "
94,landhaus-impressionen.de," Landhausstil - Clayre & Eef - Ihr Online Shop mit Zertifikat Sehr gut4.95/5.00Zertifiziert seit 15.12.2009×Zertifizierter Shop +49(0)5143-5129 Kontakt Info Zahlungsarten Versandarten & -kosten Widerrufsrecht Datenschutz AGB Impressum Login E-Mail-Adresse Passwort Anmelden Passwort vergessen? Registrieren Abbrechen Warenkorb 0 Sie haben noch keine Artikel im Warenkorb. Toggle navigation Finden Home Neuheiten 47 Weihnachtsmarkt 38 Baumschmuck + Geschenkanhänger 9 Weihnachtstextilien 9 Weihnachtliche Dekoration 21 Wohnen + Dekoration 413 Tisch und Tafel 27 Geschirr, Glas + Keramik 14 Tischdekoration 14 Garten, Terrasse und Außendekoration 36 Möbelknöpfe & Schrankgriffe 179 Bad 11 Bad-Accessoires 9 Bad-Dekoration 3 Laternen, Windlichter, Kerzenhalter + Kerzen 31 Allerlei Dekoration 74 Lampen, Lampenschirme & Lampenfüße 1 Wandgarderoben und Haken 22 Aufbewahrung 14 Boxen, Körbe + Dosen 14 Wanddekoration 51 Bilderrahmen 10 Kalender, Bilder + Blechschilder 36 Wanduhren 4 Küche 20 Küchendekoration 6 Küchenhelfer 14 Geschenkgutschein 1 Kinderland 45 Wohntextilien 65 Kissen und Kissenhüllen 34 Kissen mit Füllung 8 Kissenhüllen 25 Küchentextilien 8 Patchwork Quilt Tagesdecken 12 Tischdecken- und Läufer 11 Tischdecken 7 Tischläufer 4 Landhausmöbel 235 Schränke & Kommoden 37 Möbelknöpfe & Schrankgriffe 164 Kindermöbel 5 Garderoben & Regale 4 Tisch & Stuhl 18 Bett & Schrank 13 My Country Dog 53 Hundebetten und -Zubehör 29 MyCountryDog - Dekorationen 24 Angebote + Aktionen 89 SALE Dekoration 80 SALE Wohntextilien 9 title=""Hundebetten und Dekoration für Hunde"">Entspanntes Shopping von überall... Mehr als nur eine Stilrichtung: Landhausstil ist Lebensgefühl! Landhaus Impressionen: Kompetenz für Einrichtung im Landhausstil Eine Stilrichtung, die begeistert: In unserem Onlineshop Landhaus Impressionen finden Sie neben Wohntextilien, Wohnaccessoires und Dekorationsideen im Landhausstil nun auch wundervolle, einzigartige Landhausmöbel aus Massivholz, die jedes Landhaus Ambiente stilvoll abrunden können. Unsere Möbel im Landhausstil werden nach alten Vorlagen gefertigt, so dass jedes Möbelstück einen unwiderstehlichen Charme innehat. Dabei ist uns wichtig, dass für unsere Landhausmöbel nur hochwertige Hölzer wie Linde, Eiche oder Pinie verwendet und nach traditionellen Fertigungstechniken handgearbeitet werden. In unserem umfangreichen Sortiment finden Sie eine Vielzahl verschiedener Landhausmöbel: Von der Landhaus Garderobe und Bibliothek über Schlafzimmer, Kommode und Kinderzimmer bis hin zum Schrank, Regal, Tisch und Stuhl im Landhausstil. Neu eingetroffen Neu Wandhaken Hund Leinenhalter Old Style Metall in Rostoptik Garderobenhaken 9,90 € inkl. MwSt. zzgl. Versand Artikel ansehen Neu Dekoflasche Teelichthalter Lilie Laterne Bauernsilber antik mit Henkel 20*8 cm 14,90 € inkl. MwSt. zzgl. Versand Artikel ansehen Neu Adventskranz Metall Deckenhänger Kerzenhalter Zink grau Vintage D 48 cm 29,90 € inkl. MwSt. zzgl. Versand Artikel ansehen Neu Schlittschuhe Vintage grau rose Baumschmuck Fensterhänger Vintage Nostalgie 9*11 cm 7,50 € inkl. MwSt. zzgl. Versand Artikel ansehen MCD - So einzigartig wie Ihr Hund: Mit dem Label My Country Dog (by Landhaus-Impressionen) ist es uns gelungen, einmalige Hundemöbel zu kreieren, die nicht nur sehr praktisch und hochwertig sind (teilw. Tischlerarbeiten), sondern auch in beeindruckendem Maße natürlich-schön und durchdacht. Als passionierte Hundebesitzer ist es uns natürlich ebenfalls ein Anliegen, sowohl alltagstaugliche als auch gesundheitsunterstützende Helferlein zu schaffen, an denen Hunde und Herrchen gleichermaßen Freude haben können. Als unabhängiger Produkttester hat sich freundlicherweise der bezaubernde Buddy zur Verfügung gestellt und die Leinenstation in Naturholz / Größe M für Sie getestet, worüber wir uns sehr freuen und wofür wir uns herzlichst bedanken möchten! Hier gehts zum Produkttest Passend zu Ihren Landhausmöbeln: z.B. kuschelweiche Tagesdecke Unsere Textilien im Landhausstil versprechen ein berauschendes Flair von Romantik und Nostalgie, Cottage und Country Style, Vintage und Shabby Chic sowie jede weitere Stilrichtung mit nostalgischem Charakter. Beliebte Wohntextilien wie Patchwork Decken, Kissen oder Tischdecken verzaubern den Betrachter und unterstreichen punktgenau Ihre Inneneinrichtung im Landhausstil. Kombiniert mit Dekorationen aus Holz wird Ihrem Zuhause zusätzlich eine behagliche Wärme verliehen, die ausschlaggebend dafür ist, dass man sich wohlfühlt. Arbeiten Sie beim Einrichten Ihres Zuhauses mit gezielt gesetzten, ausdrucksstarken Elementen ausgesuchter Qualität! Romantisch und nostalgische Dekoration runden Ihr edles Ambiente stilvoll ab. Wir laden Sie ein, sich etwas Zeit zu nehmen. Stöbern Sie in Ruhe bei Landhaus Impressionen und vielleicht finden Sie genau das, wonach Sie schon lange gesucht haben! Glossar: Vintage: Möbel, Textilien & Dekorationen, auf 'gebraucht' gestylt im Used - Look, Nostalgie und Romantik. Es entstehen Erinnerungen an die gute, alte Zeit... Weitere Informationen zum Shabby Chic, Vintage, Cottage u.s.w. finden Sie hier Harmonisch und stilvoll im Vintage Look, Nostalgie, Romantik, Shabby-Chic oder Cottage-Style. Schöne, einzigartige Wohnaccessoires für Haus und Garten von Clayre & Eef, Esschert Design, AppleTree, Gilde Handwerk und anderen namhaften Herstellern. Gefällt mir Empfehlen Tweet +1 Gerne halten wir Sie auf dem Laufenden Vorname Nachname E-Mail-Adresse Abonnieren Mein Konto Registrieren Login Hilfe Information MyCountryDog - InfoBox Impressum Muster - Widerrufsformular Presse Unsere Partner Gut zu wissen Einkaufen Zahlungsarten Versandarten & -kosten Widerrufsrecht Warenkorb Zur Kasse Zahlung © Copyright 2017 Landhaus Impressionen. Alle Rechte vorbehalten. Supported by Zweckprojekt Warenkorb Nach oben Ihr Browser unterstützt kein JavaScript! Um die Funktionen dieser Seite nutzen zu können, benötigen Sie JavaScript! Bitte aktualisieren Sie Ihren Browser oder aktivieren Sie JavaScript in den Einstellungen. Zertifikat prüfenKäuferschutzbedingungenAlle Bewertungen Impressum Datenschutz+Maximieren×SchließenSehr gut4.95/5.00Zertifizierter ShopZertifikat prüfenKäuferschutzbedingungenAlle Bewertungen Impressum Datenschutz–Minimierenlandhaus-impressionen.de×KäuferschutzSie können sich nach dem Einkauf für die kostenlose Trusted Shops Mitgliedschaft Basic anmelden, inkl. Käuferschutz bis je 100 € für den aktuellen Einkauf sowie für Ihre weiteren Einkäufe in deutschen Shops mit dem Trusted Shops Gütesiegel.Mit Trusted Shops PLUS (inkl. Garantie) werden Ihre Einkäufe sogar bis je 20.000 € durch den Käuferschutz (inkl. Garantie) abgesichert, für 9,90 € pro Jahr inkl. MwSt. bei einer Mindestvertragslaufzeit von 1 Jahr. Die Absicherungsdauer des Käuferschutzes pro Einkauf beträgt in beiden Fällen 30 Tage.Es gelten die Mitgliedschafts- und Käuferschutzbedingungen.Zertifiziertseit 15.12.2009Käuferschutzbis zu 20.000 €×KundenbewertungenDie Note „Sehr gut“ berechnet sich aus den 21 Trusted Shops Bewertungen der letzten 12 Monate, die im Bewertungsprofil eingesehen werden können.399KundenbewertungenSehr gut4.95/5.00R.-P. L04.07.2017Einfach Super19.05.2017Freundlich und hilfsbereitMoritz K19.02.2017Alles gut und schnell"
95,lederoase.de," www.lederoase.de // /** * global init */ var newsletterBoxOpen = function(){ }; var closeNewsletterBox = function(){ }; $(document).ready(function($){ ///////////////////////////// //// timeout in Sekunden //// ///////////////////////////// var secondsTimeout = 10; //----------- var newslettercontent = $('#newsletterbox').html(); $('#newsletterbox').remove(); closeNewsletterBox = function(){ $.modalClose(); }; newsletterBoxOpen = function(){ $.modal(newslettercontent, '', { 'position': 'fixed' }); $('#newsletterbox_email').keypress(function(e) { if (e.which == 13) { $(""#newsletterbox_submit"").click(); e.preventDefault(); } }); $('#newsletterbox_email').keypress(function(e) { if (e.which == 13) { $(""#newsletterbox_submit"").click(); e.preventDefault(); } }); var newsletterBoxInit = function() { $(""#newsletterbox_submit"").click(function() { email_regex = /^[a-zA-Z0-9._-]+@[a-zA-Z0-9.-]+\.[a-zA-Z]{2,4}$/i; if(email_regex.test($(""#newsletterbox_email"").val())) { $.ajax({ // Shopware_Controllers_Frontend_NewsletterBox //url: unescape('https://www.lederoase.de/NewsletterBox/subscribeNewsletter'), url: '/NewsletterBox/subscribeNewsletter', type: 'POST', cache: false, datatype: ""json"", data: { subscribeToNewsletter: 1, newsletter: unescape($(""#newsletterbox_email"").val()) }, beforeSend: function ( xhr ) { $('.modal .error').hide(); $("".modal .button-right"").replaceWith('Bitte warten... '); }, success: function(data) { if(data) { $('.modal #newsletterbox_form').hide(); $('.modal .success').html(data); $('.modal .success').fadeIn('slow'); //* $.cookie(""newsletterbox"", 1, { path:'/' }); window.setTimeout(function(){ closeNewsletterBox(); }, 3500); //*/ } }, error: function(data) { alert('Fehler bei der Übertragung!'); } }); } else { //alert('format'); $('.modal .error').fadeIn('slow'); } }); $("".newsletterbox_close, #lbOverlay, .modal_close"").click(function() { $.cookie(""newsletterbox"", 1, { path:'/' }); closeNewsletterBox; }); }; newsletterBoxInit(); $('#newsletterbox_email').focus(); }; // link setTimeout(function(){ if (!$.cookie(""newsletterbox"")) { newsletterBoxOpen(); } }, secondsTimeout*1000); // link $('.newsletter-box-open').bind('click blur',function(){ newsletterBoxOpen(); return false; }); }); // Um www.lederoase.de in vollem Umfang nutzen zu können, empfehlen wir Ihnen Javascript in Ihrem Browser zu aktiveren. Hotline +49 (0) 3573 / 809 2730 Kundenservice Montags - Freitags08:00 - 18:00 UhrSamstags08:00 - 16:00 Uhr Email info@lederoase.de Newsletter Anmeldung Back Startseite Marken AEP AEVOR Bodenschatz Bogner Branco Braun Büffel camel active Campomaggi Caterina Lucchi Chiarugi Chiemsee Collonil deuter Emil Esquire Fjällräven FREDsBRUDER Golden Head Green Burry GreenLand Harbour 2nd Harold's Jost Leonhard Heyden Maitre Mika OFFERMANN oxmox Picard Porsche Design Reisenthel Samsonite Samsonite RED Sansibar Satch Spikes & Sparrow Strellson Titan travelite Vaude VOI Geldbörsen Damengeldbörsen Herrengeldbörsen Minigeldbörsen Ausweismappen Kreditkartenetuis Schlüsseltaschen Geldklammer Dollarclip Kellnerbörsen Wiener Schachtel Rundumreißverschluss Amerikanische Börsen Nylongeldbörsen Geschenkideen Damen Geschenkideen Herren Taschen Handtaschen Aktentaschen Schreibmappen Herrentaschen Sporttaschen Umhängetaschen Laptoptaschen Clutch - Abendtaschen Geschenkideen Damen Geschenkideen Herren Rucksäcke Schule, Uni & Büro Lederrucksäcke Trolleyrucksäcke Mode-Alltag Kinderrucksäcke Sport-Bike Geschenkideen Damen Geschenkideen Herren Gürtel Reisegepäck Trolleys und Koffer Reisetaschen Rollenreisetaschen Geschenkideen Damen Geschenkideen Herren Zubehör Kultur und Kosmetikbeutel Reise und Sicherheit Pflegezubehör Stiftetuis Geschenkideen Damen Geschenkideen Herren Einkaufstrolleys Accessoires Timer Hüft Gürteltaschen Kamera Handytaschen Brustbeutel Geschenkideen Damen Geschenkideen Herren Sale Taschen Geldbörsen Rucksäcke Reisegepäck Accessoires Kontakt | Mein Konto | Merkzettel Warenkorb: (0) 0,00 € Kontakt | Mein Konto | Merkzettel Warenkorb: (0) 0,00 € Toggle navigation Startseite Marken A AEP AEVOR B Bodenschatz Bogner Branco Braun Büffel c camel active Campomaggi Caterina Lucchi Chiarugi Chiemsee Collonil d deuter E Emil Esquire F Fjällräven FREDsBRUDER G Golden Head Green Burry GreenLand H Harbour 2nd Harold's J Jost L Leonhard Heyden M Maitre Mika O OFFERMANN oxmox P Picard Porsche Design R Reisenthel S Samsonite Samsonite RED Sansibar Satch Spikes & Sparrow Strellson T Titan travelite V Vaude VOI KOSTENLOSER VERSAND AB 35,-€ (DE) Gern beraten wir Sie unter der Hotline +49 (0) 3573 / 809 2730 Geldbörsen ► Damengeldbörsen ► Herrengeldbörsen ► Minigeldbörsen ► Ausweismappen ► Kreditkartenetuis ► Schlüsseltaschen ► Geldklammer Dollarclip ► Kellnerbörsen ► Wiener Schachtel ► Rundumreißverschluss ► Amerikanische Börsen ► Nylongeldbörsen ► Geschenkideen Damen ► Geschenkideen Herren 5 % NACHLASS BEI VORKASSE Gern beraten wir Sie unter der Hotline +49 (0) 3573 / 809 2730 Taschen ► Handtaschen ► Aktentaschen ► Schreibmappen ► Herrentaschen ► Sporttaschen ► Umhängetaschen ► Laptoptaschen ► Clutch - Abendtaschen ► Geschenkideen Damen ► Geschenkideen Herren 100 TAGE GELD ZURÜCK Gern beraten wir Sie unter der Hotline +49 (0) 3573 / 809 2730 Rucksäcke ► Schule, Uni & Büro ► Lederrucksäcke ► Trolleyrucksäcke ► Mode-Alltag ► Kinderrucksäcke ► Sport-Bike ► Geschenkideen Damen ► Geschenkideen Herren KAUF AUF RECHNUNG Gern beraten wir Sie unter der Hotline +49 (0) 3573 / 809 2730 Gürtel Reisegepäck ► Trolleys und Koffer ► Reisetaschen ► Rollenreisetaschen ► Geschenkideen Damen ► Geschenkideen Herren KOSTENLOSER VERSAND AB 35,-€ (DE) Gern beraten wir Sie unter der Hotline +49 (0) 3573 / 809 2730 Zubehör ► Kultur und Kosmetikbeutel ► Reise und Sicherheit ► Pflegezubehör ► Stiftetuis ► Geschenkideen Damen ► Geschenkideen Herren ► Einkaufstrolleys 5 % NACHLASS BEI VORKASSE Gern beraten wir Sie unter der Hotline +49 (0) 3573 / 809 2730 Accessoires ► Timer ► Hüft Gürteltaschen ► Kamera Handytaschen ► Brustbeutel ► Geschenkideen Damen ► Geschenkideen Herren 100 TAGE GELD ZURÜCK Gern beraten wir Sie unter der Hotline +49 (0) 3573 / 809 2730 Sale ► Taschen ► Geldbörsen ► Rucksäcke ► Reisegepäck ► Accessoires KAUF AUF RECHNUNG Gern beraten wir Sie unter der Hotline +49 (0) 3573 / 809 2730 Unsere Hersteller Willkommen in der Lederoase Hier finden Sie ein breites Sortiment an Lederwaren, aus dem Sie sich neue Begleiter fürs Büro, das Reisen oder den Alltag aussuchen können. Höchste Qualität und wunderschöne Designs von namhaften Markenherstellern werden Ihnen die Wahl sicher nicht leicht machen. Sie können sich jedoch sicher sein, dass Sie mit der Wahl Ihrer neuen Handtasche, Geldbörse oder Reisetasche ein Premium-Produkt gewählt haben, an dem Sie lange Freude haben werden. Geldausgeben mit Stil Eine Geldbörse kann so unterschiedlich sein wie die Scheine und Münzen selbst, die Sie dort sicher aufbewahren können. Neben Damengeldbörse und Herrengeldbörse bieten Ihnen unsere Marken ein weites Spektrum für Ihr Bares. Minigeldbörsen oder eine Wiener Schachtel sind kleine Helfer und bewahren einen kleinen Obolus. Viel Stauraum bieten Ihnen Kellnerbörsen oder Lederwaren mit Rundumreißverschluss. Geldklammer, Amerikanische Börsen und Kreditkartenetuis lassen Ihnen viel Platz für diverse Kreditkarten, Ausweise und Visitenkarten. Wer seine wichtigen Habseligkeiten gerne alle beisammen hat, wird sich für eine praktische Schlüsseltasche, eine unserer Ausweismappen entscheiden. Nicht nur Geldbörsen aus Leder gibt es hier in der Lederoase. Wer sich lieber für ein anderes Material entscheidet, ist in der Kategorie Nylongeldbörsen gut aufgehoben. Starke Marken für die Reise Auf Reisen sind Ihre Lederprodukte oft großen Belastungen ausgesetzt und müssen daher sehr robust sein. Rollenreisetaschen, Trolleys und Koffer aus starken Materialien und Reisetaschen aus Leder bieten viel Platz und sichern Ihr Gepäck. Wenn Sie zusätzlich aus unserem Zubehör Pflege und Schloss erstehen, kann auf Ihrer nächsten Reise nichts mehr schiefgehen – es sei denn Sie vergessen Ihren Kosmetikbeutel. Markenvielfalt im Alltag Taschen und Rucksäcke sind im täglichen Gebrauch nicht mehr wegzudenken und können eine tolle Ergänzung zu Ihrem persönlichen Stil darstellen. Ob Aktentaschen, Umhängetaschen, Handtaschen oder Reisetaschen – unsere Produkte sind sowohl funktional als auch schön. Dieses Ziel haben sich auch unsere Hersteller (Camel Active, Samsonite, Picard etc.) gesetzt, die mit hochwertigen Materialien und schlauen Designs Ihren Alltag ein wenig verschönern möchten. Service Kaufberatung vom Fachhändler Retourenabwicklung innerhalb 48h im Servicefall auch nach der Garantiezeit gern für Sie da DHL Samstagszustellung IHRE VORTEILE 100 Tage Rückgaberecht bis 15.00 Uhr bestellt, am selben Tag versandt versandkostenfrei ab 35,- € 5% Nachlass bei Vorkasse SICHER EINKAUFEN GELD-ZURÜCK-GARANTIE kostenlos von Trusted Shops sichere Zahlung mit SSL-Verschlüsselung Datenschutz 8 Bezahlarten möglich Service 03573 809 2730Mo - Fr. 08:00 - 18:00 UhrSa. 08:00 - 16:00 Uhr Bestellungen, mit einem Zahlungseingang bis 15.00 Uhr versenden wir am selben Tag Informationen Die richtige Geldbörse finden? Ganz einfach! Welche Handtasche passt zu dir? Newsletter Datenschutz Lederoase AGB Datenschutz Impressum Sidemap Unsere Filialen Versandinformationen Widerrufsrecht Zahlungsarten Bewertung Vorteile versandkostenfrei ab 35,- €große Markenvielfalt Newsletter Erhalten Sie die aktuellsten Angebote. Melden Sie sich jetzt an und bleiben Sie immer auf dem Laufenden. Lederoase 4.9 von 5 basierend auf 498 Bewertungen × Jetzt zum Newsletter anmelden! Abonnieren Sie jetzt unseren kostenlosen Newsletter und verpassen Sie keine Aktionen und Neuigkeiten mehr. Jetzt anmelden und 10% Rabatt-Gutschein erhalten abonnieren *Gutschein gilt für nichtreduzierte Artikel ab 75€ Einkaufswert.Ihre E-Mail Adresse wird nicht an Dritte weitergegeben.Sie können sich jeder Zeit vom Newsletter abmelden. Bitte geben Sie eine gültige eMail-Adresse ein. "
96,leds.de," LEDs.de: LUMITRONIX® Shop JavaScript scheint in Ihrem Browser deaktiviert zu sein. Um unsere Website bestmöglich zu erleben, aktivieren Sie Javascript in Ihrem Browser. Kostenloser Versand ab 49€ Hotline: 07471 960141-0 500.000 zufriedene Kunden Shop Geschäftskunden Sprache DE FR EN Sprache DE FR EN Direkt zum Inhalt Anmeldung Warenkorb Warenkorb Menü Suche Schließen Lampen & Beleuchtung LED-Lampen (Leuchtmittel) Leuchten Lichterketten & Netze LED-Deko, -Kerzen & -Figuren Taschenlampen Fahrradlampen Sonstige Philips Hue Smartlight Bestseller -18% LED-Lichterkette warmweiß, 29m (120 LEDs) Für Innen- und Außenbereich, inkl. Außentrafo (154) Auf Lager Sonderpreis 18,60 € 22,55 € -17% OSRAM NOXLITE LED HP FLOODLIGHT 23W WT UV-beständiges und spritzwassergeschütztes Gehäuse (IP44) (1) Auf Lager Sonderpreis 57,18 € 69,14 € LED-Streifen & -Module LED-Streifen (starr) LED-Flexstreifen Matrix LED-Module Aluminiumprofile & Kühlkörper Bestseller LumiFlex70 Performer LED-Streifen, warmweiß, 1220lm, 70 LEDs, 50cm, 24V Chargenübergreifend homogen, 3 Jahre Garantie (3) Auf Lager 29,95 € -52% MultiBar44 LED-Streifen, warmweiß, 732lm, 44 LEDs, 50cm, 24V CRI 90+, 5 Jahre Garantie (2) Auf Lager Sonderpreis 22,90 € 47,48 € Showtechnik LED Effektlicht Moving Heads Wall-Washer Scheinwerfer Lichtsets Stroboskope Steuerungen Zubehör Bestseller ADJ LED Revo 4 IR 3 Betriebsmodi: DMX, Sound to Light Master/SlaveAuf Lager 199,00 € ADJ Mini TRI LED Ball II 56 Sound to Light gesteuerte Lichtstrahlen mit Farbwechsel und StrobeeffekteAuf Lager 49,90 € LEDs & Komponenten SMD LEDs (mit und ohne Platine) Bedrahtete LEDs Chip-On-Board LEDs (COB) Linsen & Optiken Zubehör & weitere Komponenten Montage, Verbinden, Löten Passive Bauelemente (z.B. Widerstände, Stecker) Aktive Bauelemente (z.B. Sensoren, Lüfter) Leiterplatten Bestseller Triple Cree XP-G2, weiß Mit drei Cree XP-G2 bestücktAuf Lager 12,90 € Wärmeleitendes Klebepad für Starplatine Hohe Klebekraft und eine gute thermische Leitfähigkeit (5) Auf Lager 0,79 € Mehr… Elektroinstallation Spannungsquellen Stromquellen Steuerungstechnik Montage, Verbinden, Löten Aluminiumprofile & Kühlkörper Lektüre Restposten Neue Produkte Bestseller Aluminium Profil flach 1020mm Alu Profil für LED Leisten (2) Auf Lager 6,99 € PowerController Tunable White Steuereinheit mit Dimm-Funktion und DIM2Warm/Dim2Cold-ModusAuf Lager 49,90 € LUMITRONIX® Shop LED-Lichterketten Stromsparend und langlebig LED-Lichterketten Philips Hue Smarte Lichtsteuerung Jetzt mit HUE starten Neu: LumiFlex RGB LED-Flexstreifen made by LUMITRONIX® LumiFlex RGB BELEUCHTUNG LED-MODULE LICHTERKETTEN LEDS Entdecken Sie den Licht-Shop von LUMITRONIX Günstige LED-Lampen von Osram & Philips Sparen Sie Zeit, Geld und Nerven mit unseren preiswerten LED-Leuchtmitteln. LED-Lampen ansehen -16% A+ Philips MASTER LEDtube Value HO 1500mm 23W 830 T8 Länge wie 58W Leuchtstoffröhre, für KVG/VVG (5) Nicht lagernd Sonderpreis 16,90 € 20,16 € Helligkeit2.900 lmEffizienz125 lm/WLeistung23 W A+ Osram LED Kerze E14 6W, warmweiß, mattiert LED-Lampe, E14, 2700K, warmweiß, matt, 470 Lumen, so hell wie 40W (15) Auf Lager 2,96 € Helligkeit470 lmEffizienz80 lm/WLeistung6 W -16% A++ Osram LED RETROFIT A75 8W E27 klar non dim Klassische Glühlampenoptik (2) Auf Lager Sonderpreis 5,94 € 7,07 € Helligkeit1.055 lmEffizienz132 lm/WLeistung8 W -16% A++ Philips Classic LEDcandle 4-40W E14 827 B35 klar LED-Lampe, E14, 2700K, warmweiß, matt, 470 Lumen, so hell wie 40W, Filament (1) Auf Lager Sonderpreis 3,28 € 3,92 € Helligkeit470 lmEffizienz120 lm/WLeistung4 W -16% A+ Philips MASTER LEDspot ExpertColor 5,5-50W GU10 927 36° DIM Glasoptik, jetzt mit sehr hoher Farbwiedergabe (CRI97)Auf Lager Sonderpreis 8,94 € 10,64 € Helligkeit355 lmEffizienz65 lm/WLeistung6 W LED-Leuchten Moderne LED-Leuchten für jede Situation Langlebig, stromsparend & modern: Tolle Leuchten bei LEDs.de Jetzt Leuchten ansehen -18% OSRAM NOXLITE LED HP FLOODLIGHT 40W WT UV-beständiges und spritzwassergeschütztes Gehäuse (IP44) (1) Auf Lager Sonderpreis 86,95 € 105,91 € Helligkeit2.800 lmEffizienz70 lm/WLeistung40 W -15% Philips myLiving Twirly Deckenleuchte weiß 35cm Geeignet für Wand- oder Deckeninstallation (4) Auf Lager Sonderpreis 46,97 € 55,31 € Helligkeit1.700 lmEffizienz100 lm/WLeistung17 W Philips CoreLine LED Scheinwerfer, 11W, mit Bewegungsmelder mit integriertem Bewegungsmelder (1) Auf Lager 65,69 € Helligkeit800 lmEffizienz75 lm/WLeistung11 W -26% Osram NOXLITE CIRCULAR 21W silber Für Außenbereich geeignet (IP44) (1) Auf Lager Sonderpreis 61,80 € 83,29 € Helligkeit930 lmEffizienz45 lm/WLeistung21 W Philips myLiving Tarbert Tischleuchte alu Schönes Dekorationsobjekt (1) Auf Lager 32,12 € Helligkeit320 lmEffizienz90 lm/WLeistung4 W Philips myLiving Ballan Deckenleuchte weiß Sandgestrahlter Glasdiffusor (1) Auf Lager 24,09 € Helligkeit850 lmEffizienz85 lm/WLeistung10 W A++ Philips myGarden Wandleuchte Python 6W edelstahl Intelligentes Design aus reinem EdelstahlAuf Lager 34,61 € Helligkeit600 lmEffizienz100 lm/WLeistung6 W -12% Osram SubMARINE LED 120cm 1x17W 840 IP65 SchutzklasseNicht lagernd Sonderpreis 16,67 € 18,85 € Helligkeit1.550 lmEffizienz90 lm/WLeistung17 W Philips hue Being LED Deckenleuchte aluminium Warmweißes bis kaltweißes Licht (2200K-6500K)Nicht lagernd 133,08 € Helligkeit2.400 lmEffizienz75 lm/WLeistung32 W A+ WOFI Tischleuchte LUZ Dimmbar mittels integriertem 3-Stufen-Touch-DimmerAuf Lager 93,06 € Helligkeit770 lmEffizienz80 lm/WLeistung10 W Philips myLiving Spot Phase 2-flammig click!FIX-System für eine leichte MontageAuf Lager 64,24 € Helligkeit1.000 lmEffizienz110 lm/WLeistung9 W Philips hue Runner LED 2-er Spot schwarz Warmweißes bis kaltweißes Licht (2200K-6500K)Auf Lager 142,63 € Helligkeit700 lmEffizienz45 lm/WLeistung11 W -24% A+ ESTO Tisch- und Klemmleuchte KOKO weiß Integrierter Akku mit 2h LeuchtdauerAuf Lager Sonderpreis 21,56 € 28,20 € Helligkeit250 lmEffizienz80 lm/WLeistung3 W A SLV NEW TRIA 68 LED DL ROUND Set Downlight mattschwarz Schwenkbarer EinsatzAuf Lager 69,90 € Helligkeit775 lmEffizienz65 lm/WLeistung12 W A+ Lumego NEPTUN LED-Leiste, neutralweiß, 550lm, 44 LEDs, 50cm, 24V Schutz gegen zeitweiliges Untertauchen (IP67),made in Germany (2) Auf Lager 45,90 € Helligkeit550 lmEffizienz85 lm/WLeistung6 W Leuchten Alle Artikel 1317 Deckenleuchten 445 Garten & Außenleuchten 206 Wandleuchten 286 Philips Hue 81 Lichtpunkte 17 Alle Artikel 1317 Winterdeko - Jetzt im Trend -23% LED-Lichterkette warmweiß, 41m (200 LEDs) Für Innen- und Außenbereich, inkl. Außentrafo (154) Auf Lager Sonderpreis 27,99 € 36,24 € -16% LED-Lichterkette, 80 runde Dioden, RGB Farbwechsel Mit Farbwechsel (2) Auf Lager Sonderpreis 46,99 € 55,92 € -35% LED Baby-Eisbär, sitzend mit blauer Schleife mit 40 weiß strahlenden LEDs, für den Innen- und Außenbereich (7) Nicht lagernd Sonderpreis 25,99 € 40,06 € -22% LED-Weihnachtsbaum, warmweiß, 60cm (24 LEDs) Warmweiß, 60cm (3) Nicht lagernd Sonderpreis 14,90 € 19,04 € -20% LED-Lichterkette, batteriebetrieben, 20 runde Dioden warmweiß Lichterkette, für Innenbereich, 20 runde LEDs, Gesamtlänge 182cm, warmweiß, batteriebetrieben (1) Auf Lager Sonderpreis 5,36 € 6,71 € -66% App-gesteuerte LED-Büschellichterkette, 13,5 m, 1504 warmweiße LEDs App gesteuert, für den Außen- und Innenbereich (2) Nicht lagernd Sonderpreis 60,92 € 177,31 € Neu: Showtechnik Über 500 neue Produkte jetzt im Shop Jetzt ansehen! Nanoleaf Steuerbar mit dem Smartphone Jetzt ansehen! LED-Bäume für Außen Verschiedene Größen und Formen ab 19,99€ Beliebte LED-Module von LUMITRONIX -52% MultiBar44 LED-Streifen, warmweiß, 732lm, 44 LEDs, 50cm, 24V CRI 90+, 5 Jahre Garantie (2) Auf Lager Sonderpreis 22,90 € 47,48 € Helligkeit732 lmEffizienz115 lm/WLeistung6 W A++ LumiFlex35 Performer LED-Streifen, warmweiß, 610lm, 35 LEDs, 50cm, 24V Chargenübergreifend homogen, 3 Jahre Garantie (7) Auf Lager 14,95 € Helligkeit610 lmEffizienz125 lm/WLeistung5 W LED MiniMatrix, warmweiß (2700), 68lm, 4 LEDs, 3x3cm, 24V 1x1 Einzelmodule als Platte, insgesamt 1 Mini Matrizen (6) Auf Lager 2,39 € Helligkeit68 lmEffizienz140 lm/WLeistung0 W A+ Lumego NEPTUN LED-Leiste, neutralweiß, 550lm, 44 LEDs, 50cm, 24V Schutz gegen zeitweiliges Untertauchen (IP67),made in Germany (2) Auf Lager 45,90 € Helligkeit550 lmEffizienz85 lm/WLeistung6 W A+ SmartArray L6 LED-Modul, 4W, warmweiß, 2700K 6x Nichia 757 LED, 3 Jahre Garantie (40) Auf Lager 4,90 € Helligkeit439 lmEffizienz103 lm/WLeistung4 W A+ BackMatrix49 Performer LED-Modul, warmweiß, 1150lm, 49 LEDs, 28x28cm, 24V 3 Jahre Garantie, keine Kühlung erforderlichAuf Lager 24,89 € Helligkeit1.150 lmEffizienz105 lm/WLeistung11 W LED-Streifen & -Module Alle Artikel LED-Streifen (starr) LED-Flexstreifen Matrix LED-Module Aluminiumprofile & Kühlkörper Alle Artikel Neu: Licht- & Showtechnik Licht aus, Spot an! Die ganze Welt der Licht- & Showtechnik jetzt bei LUMITRONIX®: Strahler, DMX-Steuerung, Stroboskope, Moving Heads uvm. von bekannten Herstellern wie American DJ (ADJ), Showtec und BeamZ. Zur Showtechnik News LEDs.de: Neuer Webshop LEDs.de ist nun übersichtlicher, schneller, moderner und sicherer als je zuvor - auch auf Ihrem Mobilgerät! Damit Sie das Passende aus über 5000 Licht- & LED-Produkten noch einfacher finden. Über LUMITRONIX® LED-Technik-Spezialist Hauseigene Fertigungslinie Wir befassen uns seit 14 Jahren mit Licht- & LED-Technik. Dabei realisieren wir abseits unseres bekannten Shops auch viele Großprojekte für namhafte Unternehmen. Geschäftskunden-Webseite Sozial, fair und nah Innovation Made in Germany Unsere 70 Mitarbeiter entwickeln und verarbeiten jährlich Projekte mit über 20mio. LEDs am Standort Deutschland. Unter fairen Bedingungen, einem sozialen Betriebsklima und nah am Kunden. Bei uns sind Sie genau richtig! Schneller Versand und kostenfrei ab 49€ Kompetente Hotline: 07471 960141-0 500.000 zufriedene Kunden LED-Spezialist seit 15 Jahren Geprüft von Trusted Shops Qualitätsmanagement: ISO9001-zertifiziert Informiert bleiben! Unser Newsletter: Neueste Licht-Trends alle paar Wochen. Jederzeit mit einem Klick kündbar. Abonnieren LUMITRONIX GmbH Geschäftskunden Karriere Bestellprozess Bezahlung Versand Bestellstatus Rücksendung Service FAQ / Hilfe Kontakt Forum Themenseiten EU-Glühlampenverbot Widerstandsrechner Weitere in Kürze... Rechtliches Impressum AGB & Widerruf Sicherheit & Datenschutz Besuche uns auf Facebook page Besuche uns auf YouTube Zahlungsmethoden: Anfragen oder Hilfe: Tel. 07471 / 960141-0 advance_paymentoctetpdfzipauthorize_netbank_transfercreditcardDHLdirect_debitElectronic CashFlag of GermanyFlag of GermanygiropayHermesjpgpnginvoiceklarnaMasterCardon_deliverypay direktPayPalSOFORT ÜberweisungVisa "
97,lichtbogen.de," Fa.Lichtbogen Schweisstechnik, Reparatur und Verkauf "
98,living-the-past.com," It´s Laura Um It´s Laura in vollem Umfang nutzen zu können, empfehlen wir Ihnen Javascript in Ihrem Browser zu aktiveren. Menü Suchen Suchen Mein Konto Warenkorb 0 0,00 € * Service/Hilfe Lookbook / Impressionen Über uns Kontakt Versand und Zahlungsbedingungen Widerrufsrecht Datenschutz AGB Impressum Menü Suchen Suchen Mein Konto Warenkorb 0 0,00 € * Home ShopLookbookShowroom Über uns Painting the Past Traditional Colours New Neutrals Soft Loft Shabby Chic Pastel Poetry Seasonalities Touch of Colour Rustic@ Wax Pinsel Farbkarten Versiegelung Agneta Livijn Keramik Servingdish Plate Bowls Cups Kitchen Aid Seasonalities Wooden Boards Tapas und Baquette Board Chopping Boards Pizza Boards Butcher Boards Antique Boards Bücher & Zeitschriften Bücher & Zeitschriften Kerzen Keramik Outdoor Kerzen Austern Kerzen Feuer-Zapfen Feuer-Zapfen  Menü schließen Kategorien Shop Lookbook Showroom Über uns Unser Standort Informationen Lookbook / Impressionen Über uns Kontakt Versand und Zahlungsbedingungen Widerrufsrecht Datenschutz AGB Impressum Service Hotline Telefonische Unterstützung und Beratung unter:05932 9032677Mo-Fr, 09:00 - 17:00 Uhr Shop Service Kontakt Versand und Zahlungsbedingungen Widerrufsrecht AGB Informationen Lookbook / Impressionen Standort Über uns UNIKAT SCHNEIDEBRETTER AUS HOLZ KAUFEN - Laura Living Style Datenschutz Impressum Newsletter Abonnieren Sie den kostenlosen DemoShop Newsletter und verpassen Sie keine Neuigkeit oder Aktion mehr aus dem DemoShop. Newsletter abonnieren * Alle Preise inkl. gesetzl. Mehrwertsteuer zzgl. Versandkosten und ggf. Nachnahmegebühren, wenn nicht anders beschrieben*gilt für Lieferungen innerhalb Deutschlands, Lieferzeiten für andere Länder entnehmen Sie bitte der Schaltfläche mit den Versandinformationen Lookbook / Impressionen Über uns Kontakt Versand und Zahlungsbedingungen Widerrufsrecht Datenschutz AGB Impressum Realisiert mit Shopware "
99,lumenstar.de," LED Lampen, Leuchten & Spots - LumenStar® - LED Leuchtmittel JavaScript scheint in Ihrem Browser deaktiviert zu sein. Sie müssen JavaScript in Ihrem Browser aktivieren, um alle Funktionen in diesem Shop nutzen zu können. Mein Benutzerkonto Zur Kasse Anmelden Lumenstar-LED-Lampen Suche: Suche Erweiterte Suche Mo.-Fr. 04207 9037045 info@lumenstar.de Versandkostenfrei ab 50€ Bestellwert Mein Warenkorb 0 Artikel: 0,00 € Home LED Flut-/Systembeleuchtung LED Fluter/FlutlichtLED Shopbeleuchtung LED Stiftsockel G4 LED LampenG9 LED LampenGU10 LED LampenMR11 (G4) LED LampenMR16 (gu5.3) LED LampenR7s LED Lampen LED Röhren LED Strips flexibel Zubehör CarlineEinbaurahmenFassungenNetzteile / TrafosAdapter LED Schraubsockel E27 LED LampenE14 LED Lampen Abonnieren Versandkosten Jetzt sparen! DEAL der Woche Left 12 Right ﻿ LED Lampen, Leuchten & Spots am beliebtesten LumenStar® E14 Firenze 7,5W~60W, 230V, 750lm, 3000K, warmweiß, 270°, A+ 10,00 € * ab: 9,46 € * In den Warenkorb LumenStar® E14 Forli 3,5W~30W, 230V, 300lm, 3000K, warmweiß, 270°, A+ 5,99 € * In den Warenkorb LumenStar® E27 Ferrera 7,5W~60W, 230V, 750lm, 3000K, warmweiß, 270°, A+ 10,00 € * In den Warenkorb LumenStar® E27 Treviso 11W~100W, 230V, 1100lm, 3000K, warmweiß, 270°, A+ 19,96 € * Nicht auf Lager LumenStar® G4 Napoli 4,3W~50W, 12V, 430lm, 3000K, warmweiß, 270°, A+, Dimmbar 9,95 € * Nicht auf Lager LumenStar® Gartenspot Fonni 7,98 € * In den Warenkorb LumenStar® GU10 Apulia 3W~35W, 230V, 240lm, 3000K, warmweiß, 90°, A+, Keramik 5,90 € * In den Warenkorb LumenStar® GU10 Marsala 5W~50W, 230V, 400lm, 3000K, warmweiß, 60°, A+, Keramik 6,99 € * ab: 6,49 € * In den Warenkorb Welche LED Lampe suchen Sie? Als Spezialgeschäft für LED Beleuchtung führt Lumenstar unterschiedlichste Lampen, Leuchten und Zubehör für LED Lampen wie Fassungen oder Einbaurahmen. Als Spezialgeschäft für LED Leuchten und Leuchtmittel führt Lumenstar eine große Auswahl unterschiedlichster LED Lampen und Leuchten für zahlreiche verschiedene Einsatzbereiche. Unser Sortiment umfasst neben verschiedenen Modellen zum LED dimmen und LED Spots auch flexible LED Strips und LED Röhren sowie LED Fluter für Außenanlagen, die sowohl für den Einsatz in Privathaushalten und Gärten, als auch in Industriehallen sowie für die Straßenbeleuchtung geeignet sind.Egal, ob Sie sich für Ihren Wohnraum LED Lampen dimmbar und in verschiedenen Farbtönen wünschen, mit einzelnen LED Spot Elementen individuelle Akzente setzen möchten, oder spezielle LED Leuchten für den Außenbereich suchen – in dem umfangreichen Sortiment von Lumenstar werden Sie garantiert fündig!Zusätzlich zu den zahlreichen verschiedenen LED Lampen Modellen erhalten Sie bei Lumenstar selbstverständlich auch das entsprechende Zubehör für Ihre LED Lampe, wie beispielsweise spezielle Fassungen oder Einbaurahmen. Gerne beraten wir Sie bei der Auswahl Ihrer neuen LED Lampe, damit Sie bestens für eine strahlende Zukunft ausgestattet sind. LED-Lampen erleuchten die Welt! Bei Lumenstar bieten wir Ihnen die besten LED-Lampen und alles was sie an Beleuchtung brauchen. Unsere LED-Lampen, die 20-mal länger als Glühlampen halten und 85% Energie sparen sind sehr hochwertig. Das hilft Ihnen die Umwelt zu schützen, indem Sie weniger Strom durch die Nutzung von LEDs verbrauchen.Wir werden Sie bei der Auswahl Ihrer neuen LED-Lampen beraten um Sie so für eine helle und umweltbewusste Zukunft zu rüsten. E27 LED Lampen Eine der beliebtesten LED Lampen ist LED E27. Das warmweiße Licht der E27 LED ist ein perfekter Ersatz für die 60 Watt Glühbirne. Die Energieersparnis der LED E27 Lampe birgt enormes Potenzial, weshalb Sie unter anderem so beliebt ist. Lesen Sie mehr über E27-LED Lampen unter: mehr ... E14 LED Lampen E14 LED-Lampen, die bei Lumenstar verkauft werden, sind in einer dimmbaren und nicht dimmbaren Ausführung erhältlich. Eine Auswahl mehrerer Lichtfarben, wie warmweiß und kaltweiß finden Sie bei den meisten E14 LED Lampen. Lesen Sie mehr über E14 LED Lampen unter: mehr ... GU10 LED Lampen Die GU10 LED Leuchten sind erhältlich mit 220 lm, 330 lm und 350 Lumen. Diese LED GU10 Lampen bieten warmweißes bis kaltweißes Licht. Erfahren Sie mehr über GU10 LED Lampen unter: mehr ... MR16 GU5.3 LED Spots Die sehr beliebte Niedervolt MR16 ist eine großartige Möglichkeit den Energieverbrauch zu reduzieren- stellen Sie jedoch sicher, dass Sie ein Niedervolt Netzteil (LED Netzteil) verwenden. Lesen Sie mehr über MR16 Spot-Lampen unter: mehr ... Rezensionen LumenStar® MR16/GU5.3 Palermo MR16 Super Licht....für die paar Watt. Also ich bin begeistert und werde bei mir alle umrüsten auf LED von Lumenstar Jürgen LumenStar® G9 Biella Nicht schlecht immerhin funktionieren 2 von 3 , beim nächsten mal bestelle ich gleich 2 mehr davon , nur schade das man keine Antworten bekommt und die Rücksendung soviel gekostet hätte wie eine neue Lampe thomas LumenStar® E14 Firenze Kaufempfehlung - Super hell viel heller als erwartet und sehr wertige Verarbeitung. Schon seit einem Jahr habe ich diese LED Lampe bei mir im Wohnzimmer und sie hat mich noch nicht im Stich gelassen. Ich habe mir nun für den gesamten Haushalt bei diesem Anbieter LED Leuchten bestellt. mr x LumenStar® G4 Alessia Klasse Artikel funktioniert einwandfrei Der Artikel wurde in einer Dunstabzugshaube verbaut und steht den normalen Halogenleuchtmittel in nichts nach. Was aber ausdrücklich im Text erwähnt werden sollte, das ein LED - Trafo verwendet werden muß. Ralf * Alle Preise inkl. MwSt., zzgl. Versandkosten Information Über uns Kontakt Anfahrt Datenschutz AGB Site Map Impressum Kundenservice Bestellvorgang Versandkosten Zahlungsarten Rücksendungen Widerrufsbelehrung Widerrufsformular (PDF) Aktuelles LED Basiswissen LED Hallenbeleuchtung LED Straßenbeleuchtung LED Milchviehstallbeleuchtung Blog Sitemap Suchbegriffe Erweiterte Suche Bestellungen und Rücksendungen Blog © Phoneland GmbH Contact Us Your Name * Your Email * Your Phone Kommentar * Absenden "
100,lutter.net," Immobilien Makler Rostock Häuser Wohnungen Kauf Verkauf Erster Coffee Shop von Starbucks in Mecklenburg-Vorpommern eröffnet Zweifamilienhaus in Dummerstorf vermittelt Eigentumswohnung in Reutershagen verkauft Action eröffnet im Citti Park Rostock Revitalisierung Kröpeliner Strasse 25 abgeschlossen – Plasma Service Rostock feiert offizielle Eröffnung Einfamilienhaus in kurzer Zeit zum Bestpreis verkauft Navigation überspringen Startseite Wohnen Eigentumswohnungen Häuser Grundstücke Mietwohnungen Gewerbe Einzelhandel Büros Gastronomie Hallen und Produktion Grundstücke Kapitalanlagen Projekte Projekte Alte Warnemünder Chaussee Elmenhorst - Steinbecker Eck Am Vögenteich Gewerbegrundstücke Carl-Hopp-Strasse Schwerin - Villa Cone Weisses Kreuz Golf-Apartments Schloss Ranzow Rügen Villa Anni Herrenwiese am Weissen Kreuz Rostock Alte Warnemünder Chaussee Elmenhorst - Steinbecker Eck Schwerin - Villa Cone Golf-Apartments Schloss Ranzow Bauträgerservice Über uns LUTTER Immobilien News Wir suchen Partner Sponsoring Stellenangebote Ansprechpartner Kontakt News Referenzen Wohnen Gewerbe Kapitalanlagen Projekte Kunden Bewertungen Kunden-Login Hausverwaltung LUTTER Vermögensverwaltung Ansprechpartner Reparaturservice und Notdienst Stellenangebote Kontakt AGB Kontakt Aktuelles Partner Sponsoring Stellenangebote Ansprechpartner Kontakt Merkliste Downloads Impressum Widerrufsbelehrung AGB Anfragen Datenschutz WIR SUCHEN Projekte Über uns Gewerbe Wohnen WIR SUCHEN Projekte Über uns Wohnen Gewerbe WIR SUCHEN Projekte Über uns Gewerbe Wohnen WIR SUCHEN Projekte Über uns Wohnen Gewerbe WIR SUCHEN Projekte Über uns Gewerbe Wohnen WIR SUCHEN Previous Next PreviousNext Lutter ImmobilienUnternehmensgesellschaft mbH Kröpeliner Straße 57 18055 Rostock info@lutter.netwww.lutter.net 0381 499 85 0 Navigation überspringen Wohnen Gewerbe Projekte Über uns News Referenzen Hausverwaltung Navigation überspringen Startseite Telefon Kontakt Kunden-Login Merkliste Reparaturservice und Notdienst Navigation überspringen Wohnen Eigentumswohnungen Häuser Grundstücke Wohnen Gewerbe Einzelhandel Büros Gastronomie Hallen und Produktion Grundstücke Kapitalanlagen Projekte Weißes Kreuz Villa Anni Reparaturservice / Notdienst Herzlich Willkommen bei LUTTER Immobilien Rostock Der Immobilienmarkt in der Region bietet eine enorme Bandbreite unterschiedlicher Lagen und Größen begehrter Immobilien zum Kauf, Verkauf oder zur Miete und dazu eine wachsende Vielfalt an Grundstücken. Wir informieren Sie über die aktuelle Marktlage und unterstützen Sie auf der Suche nach passenden Immobilien in Rostock und ganz Mecklenburg-Vorpommern. Ob Sie eine Eigentumswohnung suchen, ein Haus kaufen oder ein Grundstück für Ihren Hausbau finden möchten: In der Region Rostock und Umgebung sind wir Ihr Immobilienmakler vor Ort! UNSERE AKTUELLEN PROJEKTE UND ANGEBOTE Gewerbeimmobilien stellen neben der Vermittlung von Wohnungen zum Kauf oder zur Miete eine wichtige Säule unseres Unternehmens dar: Das Angebot reicht von der Vermietung von Büros und Ladenlokalen bis hin zu großen Produktionshallen. Neben der Mietabwicklung verfügen wir als Immobilienmakler in Rostock über langjährige Erfahrungen in der gewinnbringenden Investitionsabwicklung und betreuen Sie beim Kauf – von der Finanzierungsberatung bis hin zu unserem Hausmeister-Service. Wohn-, Gewerbe-Immobilie oder Baugrundstück: Sie möchten jetzt oder später Immobilien verkaufen und sich erst einmal einfach über Preise informieren? Wir beraten Sie gern. Wir teilen Ihnen realistische Möglichkeiten auf dem lokalen Immobilienmarkt rund um Rostock mit und entwickeln mit Ihnen gemeinsam ein Verkaufskonzept für Ihre Immobilie. Erstbesichtigung und -beratung sind dabei stets kostenfrei und unverbindlich. Das gilt gleichermaßen für den privaten Einzelverkauf als auch für Sie als Bauherren und Projektentwickler, der in ein Immobilien-Projekt investieren möchte: Markt- und Standortanalyse, Bauvorhaben-Betreuung, Marketing und Vertrieb sind unsere Stärken. Sie sind Mieter oder Vermieter, Käufer oder Verkäufer, Interessent oder Investor? Wir sind als Makler der richtige Ansprechpartner, wenn es um Immobilien in Rostock und Umgebung und deren Vermietung, Kauf- und Verkauf sowie Investments geht. Sprechen Sie uns an! Immobilienmarkt in der RegionMecklenburg-Vorpommern Rostock Schwerin Greifswald Insel Rügen Stralsund Wismar Kühlungsborn Neubrandenburg Güstrow Warnemünde Waren Bad Doberan Lutter ImmobilienUnternehmensgesellschaft mbH Kröpeliner Straße 57 18055 Rostock Telefon: 0381 49985 0 E-Mail: info@lutter.net Kundenbewertungen: 4.8 Quick Menü Navigation überspringen Wohnen Downloads Gewerbe Merkliste Projekte AGB Referenzen Datenschutz Über uns Ansprechpartner Widerrufsbelehrung Kontakt Impressum Benutzername Passwort "
101,mainpost.de," Main-Post Online-Shop Startseite // var MRG_REGION_ALLOWED = false; // JavaScript scheint in Ihrem Browser deaktiviert zu sein. Sie müssen JavaScript in Ihrem Browser aktivieren, um alle Funktionen in diesem Shop nutzen zu können. Main-Post Online-Shop Suchen: Suchen Sie kaufen ein als Gast Mein Benutzerkonto Mein Warenkorb Zur Kasse Anmelden BücherMain-Post liestMain-PostRegionalesBelletristikGesundheitKinder/JugendlicheKochen & BackenSachbuchUnterhaltungMedaillenSilberGoldFranken- & Fan-ArtikelFrankenWürzburgSchweinfurtFußballDeutschland Fan Artikel70 Jahre Main-PostFreizeitSpieleSportReiseWandernGartenPraktischesKücheHausUnterwegsGesundheitBücherDiversesBasisch kochenAchtsamkeitGeschenkideenFür SieFür IhnKalender 2018Main-Post GalerieStadtmotiv KitzingenStadtmotiv SchweinfurtStadtmotive WürzburgMainBioladen Created with Raphaël 9 Artikel Zeige 9 15 30 pro Seite Darstellung als: Gitter Liste Sortieren nach Reihenfolge Name Preis basisch kochen 7,95 € inkl. 7% MwSt., zzgl. Versandkosten Nicht auf Lager Romantik-HOTELBOX - einfach Urlaub schenken! 139,00 € Inkl. MwSt., zzgl. Versandkosten In den Warenkorb ""Sadd und dsufriedn""- Lätzchen 6,90 € inkl. 19% MwSt., zzgl. Versandkosten In den Warenkorb basisch kochen 2 8,95 € inkl. 7% MwSt., zzgl. Versandkosten In den Warenkorb Mit dem Thermomix® durch das Jahr 2018 19,99 € inkl. 19% MwSt., zzgl. Versandkosten In den Warenkorb Wärmekissen ""Fuchs"" 7,99 € inkl. 19% MwSt., zzgl. Versandkosten In den Warenkorb Becher To Go ""Ich schmeiß alles..."" (350 ml) 7,99 € inkl. 19% MwSt., zzgl. Versandkosten In den Warenkorb Würzburg - Die Jahre 1929-1956 (DVD) 19,95 € inkl. 19% MwSt., zzgl. Versandkosten In den Warenkorb Zuckerguss Weihnachten 2017 4,95 € inkl. 7% MwSt., zzgl. Versandkosten In den Warenkorb 9 Artikel Zeige 9 15 30 pro Seite Darstellung als: Gitter Liste Sortieren nach Reihenfolge Name Preis Unsere beliebtesten Artikel! 3 Artikel Zeige 9 15 30 pro Seite Darstellung als: Gitter Liste Sortieren nach Reihenfolge Name Preis Alltagshelfer 9,95 € inkl. 7% MwSt., zzgl. Versandkosten In den Warenkorb Baby Bodysuit, 3-6 Monate blau 14,95 € inkl. 19% MwSt., zzgl. Versandkosten In den Warenkorb Was Würzburg prägte 14,90 € inkl. 7% MwSt., zzgl. Versandkosten In den Warenkorb 3 Artikel Zeige 9 15 30 pro Seite Darstellung als: Gitter Liste Sortieren nach Reihenfolge Name Preis Mein Warenkorb Sie haben keine Artikel im Warenkorb. Impressum AGB Datenschutz Hilfe Kundenservice Sitemap Suchbegriffe Erweiterte Suche mainpost.de main-ding.de mainfrankencard.de "
102,maisterkaio.de," maisterkaio JavaScript ist in Ihrem Browser deaktiviert. Aktivieren Sie JavaScript, um alle Funktionen des Shops nutzen und alle Inhalte sehen zu können. Kundenlogin Merkzettel Warenkorb Skylanders Spielfiguren (499) Sets/ Sammlungen (6) Elite Figuren (3) Imaginators (16) Superchargers (39) Trap Team (129) Swap Force (155) Giants (86) Spyros Adventure (70) EXKLUSIV Figuren (46) Starter-/ Erweiterungspack (1) Wii U Wii PS3 (1) PS4 XBOX 360 XBOX ONE 3DS Smartphone/ Tablet Zubehör (2) Figuren Packs (6) Figuren/ team Pack Figuren/ Level Pack (2) Starter Pack Figuren (81) Serie 3.0 (31) Serie 2.0 (25) Serie 1 (25) Figuren (46) Minifiguren Sonderserie Disney (1) Ninjago (45) Sets/ Eigenkreationen (21) Ninjago (21) Packs / Kg Ware Jetzt Vorbestellen! (1) Skylander (503) Lego Dimensions (8) Disney Infinity (81) Amiibo (32) Videospiele LEGO (67) Go Startseite Ihr Warenkorb keine Produkte Wir sind spezialisiert auf: Videospiel Hier finden sie alles rund um das Skylanders Videospiel! Figuren, Power up´s, Items und Zusatzlevel Starter- und Erweiterungssets Karten, Sticker und Zubehör wir kaufen ihre gebrauchten! Videospiele XBOX 360/ One Playstation 1, 2, 3, 4 Wii/ Wii U DS/ 3DS Merchandising Figuren Skylanders Lego Dimensions Disney Infinity Amiibo Lego Kontakt Whatsapp Facebook Tel.: 015209051690 Mail: info@maisterkaio.de Mo. - Fr. 10.00 - 19.00 Uhr Versandkostenfreie Lieferung ab 40€ Warenwert* GLS Deutsche Post * innerhalb Deutschland JETZT BESTELLEN Skylanders trap Team Figuren, Traps, Starter Packs Sichere dir jetzt schon das neue Packet und wir liefern VERSANDKOSTENFREI (innerhalb Deutschland) ihnen nach Hause! 3DS, Wii, Wii U, PS3, PS4, XBOX 360, XBOX One Kundenlogin! E-Mail-Adresse Passwort Anmelden Konto erstellen Passwort vergessen? News Stark reduziert! Skylanders figuren zu unschlagbaren Preisen! NEU im shop: Trap Team www.maisterkaio.de Highlights 01. Testest 0,00 EUR 02. Skylanders Figur Dino Rang --Spyros Adventure-- 2,95 EUR 03. Skylanders Figur Drobot --Spyros Adventure-- 1,49 EUR 04. Skylanders Figur Swarm (Riese) --Giants-- 2,49 EUR 05. Skylanders Figur Zap --Spyros Adventure-- 1,95 EUR Sicher zahlen mit PayPal Informationen Impressum AGB Widerrufsbelehrung Datenschutzerklärung Hinweise zur Batterieentsorgung Mehr über... Index Wir Kaufen an Widerrufsrecht & Widerrufsformular Zahlung und Versand Artikelzustand/ Bilder Zinnfiguren Kontakt Newsletter-Anmeldung E-Mail Anmelden Internetshop by Gambio.de © 2013 Sie haben noch keine Artikel in Ihrem Warenkorb. E-Mail Passwort Anmelden Konto erstellen Passwort vergessen? "
103,manitu.de," Webhosting, Root-Server, Domains - manitu Menschlich. Einfach besser. Webhosting Webhosting Webhosting Übersicht Vergleich Webhosting S Webhosting M50% Rabatt bis Sonntag, 24.12.2017 Webhosting L Webhosting XL WordPress Hosting Nextcloud Hosting ownCloud Hosting OXID eShop Community Edition Webhosting 1-Klick-Anwendungen Kostenlose SSL-Zertifikate Subdomains Domain-Verfügbarkeits-Abfrage (Whois) Domain-Merkliste Allgemeines Domains Aufpreise Root-Server Root-Server Root-Server Übersicht Vergleich Root-Server S Root-Server M Root-Server L Root-Server XL Root-Server XXL Restposten Allgemeines Domains Aufpreise Unternehmen Unternehmen Unternehmen Über uns 20 Jahre manitu Rechenzentrum Ökologie & Klimaschutz Soziale Verantwortung Datenschutz & Jugendschutz Vorratsdatenspeicherung & Zensur Auszeichnungen Kunden-Meinungen Referenzen Partner & Mitgliedschaften Presse Presse-Informationen Pressemitteilungen Sonstiges Stellenangebote Partnerprogramm Fan-shop Fan-Shop Service & Hilfe Service & Hilfe Service Häufig gestellte Fragen (FAQ) Anleitungen & Howtos Formulare Online-Tools Wiki Kunden-Menü & Webmail Status-Seite Ping-Seite Kontakt Kontakt Kontakt per Kontaktformular per E-Mail per Telefon & Telefax bei Störungen Impressum Warenkorb Warenkorb Zahlungsarten Umsatzsteuer-Land Unsere Webseite verwendet Cookies, um Ihre Nutzererfahrung zu verbessern und bestimmte Funktionen bereitzustellen. OK Selbstverständlich halten wir uns dabei an alle Datenschutz-Vorgaben. Unsere Datenschutzerklärung manitu.de » Startseite Webhosting, dedizierte Root-Server und Domains Die ganze Welt des Hostings Wir fangen dort an, wo andere aufhören - bei uns bekommen Sie die ganze Welt des Hostings Webhosting Wir bieten Ihnen Webhosting-Pakete für jeden Anlass: für privat, Unternehmen und Organisationen. Unsere Hosting-Pakete bieten Ihnen alles, was Ihr Herz begehrt. zu unseren Webhosting-Angeboten Dedizierte Root-Server Sie brauchen mehr als ein Webhosting-Paket? Greifen Sie zu unseren dedizierten Miet-Servern. Unsere echten, physikalischen Root-Server skalieren vom kleinsten Bedarf bis hin zur großen Plattform. zu unseren Root Server-Angeboten Domains Bei uns erhalten Sie nahezu alle Top-Level-Domains (TLDs). Angefangen von Länder-Domains wie .de oder .at über generische Domains wie .com, .net bis hin zu den neuen TLDs wie .jobs oder .mobi. zu unseren Domain-Angeboten Hosting, wie es sein soll Bei uns werden Sie sich von Anfang an wohlfühlen - so, wie Sie es sich schon immer gewünscht haben Von Menschen für Menschen Unser Claim Menschlich. Einfach besser. ist wohl gewählt. Gerade in einer immer mehr technisierten Welt ist es wichtig, dass Technik von Menschen für Menschen gemacht wird. Bei uns arbeiten Menschen. Für Menschen. Für Sie. Mehr über uns Perfekter Kunden-Service Unser Kunden-Service ist unser Aushängeschild. Wir möchten jeden Kunden nicht nur zufrieden, sondern glücklich machen. Erst, wenn Sie uns 5 von 5 Sternen geben, haben wir unser Ziel erreicht. Lesen Sie, was Kunden über uns schreiben Verantwortung Seit 2008 betreiben wir unser gesamtes Rechenzentrum zu 100% mit echtem, zertifiziertem Ökostrom. Ohne Aufpreis für Sie als Kunde. Darüber hinaus engagieren wir uns in vielfältiger Weise sozial. Unser Beitrag für eine faire Welt. Mehr zur Ökologie und Klimaschutz Webhosting für Einsteiger, Fortgeschrittene und Profis Bei uns finden Sie das perfekte Webhosting für jeden Bedarf - von klein bis groß Einfach starten Auch wenn Sie noch Einsteiger sind: Ihr neues Webhosting-Paket erfordert kaum Grundkenntnisse. Registrieren Sie noch heute Ihre erste Domain und machen Sie Ihre ersten Schritte. Webspace, Domain und E-Mail Unsere Webhosting-Pakete enthalten alles für den perfekten Start. Bis zu 150 GB Web- und Mail-Speicherplatz, eine eigene Domain und natürlich E-Mail-Adressen und Postfächer. Professionelle Features Unser Webhosting wird von Profis gemacht. Deshalb finden Sie bei uns all die Features, die Sie sonst oft vermissen. zu unseren Webhosting-Angeboten Root-Server von klein bis riesig Bei uns finden Sie den perfekten Root-Server - für jeden Bedarf Hochwertige Hardware Wir verbauen in unseren Root-Servern ausschließlich hochwertige Hardware von Markenherstellern. Das gesamte Hardware-Management erbringen wir inhouse durch eigenes, fachkundiges Personal und sind somit unabhängig. Hochleistungs-Rechenzentrum Wir betreiben unser eigenes Hochleistungs-Rechenzentrum direkt an unserem Bürostandort. Wir erbringen alle Dienstleistungen und das gesamte Management ausschließlich durch eigenes Personal. Server für jeden Bedarf Unsere Root-Server-Produktpalette reicht von klein bis groß. Und wenn Sie Bedarf an individuellen, großen oder Individual-Plattformen haben, stehen wir Ihnen auch hier gerne zur Seite. zu unseren Root-Server-Angeboten Kunden-Service support@manitu.de +49 6851 99808-130 Rechtliches Impressum Allgemeine Geschäftsbedingungen (AGB) Datenschutz und Jugendschutz Social Media Twitter Facebook Blog Sonstiges Sitemap Alle (Brutto-)Preise enthalten die zum von Ihnen ausgewählten Land passende MwSt. ( DE 19 %), ausgenommen der evtl. zur Referenz angegebenen Netto-Preise. Außer beim Versand von Artikeln im Fan-Shop fallen keine Versand- oder Lieferkosten an. Es können Rundungsdifferenzen zwischen Netto- und Brutto-Preisen sowie Summen entstehen. * Rechtlicher Hinweis zum 3-Tages-Sonderangebot Die von uns beworbene Sonderangebots-Aktion ist keine einmalige Aktion. Wir verlängern diese Aktion i.d.R. jeden Monat. Die Aktion ist somit zeitlich unbegrenzt. Das Sonderangebot wird für jeden Besucher zum Zeitpunkt des ersten Besuches unserer Webseite über Cookies dynamisch gestartet und läuft von diesem Zeitpunkt an i.d.R. bis zum Ablauf des 3. Folgetages, worauf sich die Angabe ""nur 3 Tage"" bezieht. Die genannten Sonderangebots-Rabatte beziehen sich auf den regulären Preis der Angebote. Die Höhe der Rabatte in Prozentpunkten wurden zugunsten einer besseren Lesbarkeit gerundet. Das Angebot gilt nur für Neukunden und nur für Erstbesucher. Wer durch Löschen von Cookies etc. die Aktion verlängert, hat keinen Anspruch auf das Sonderangebot. 4.85/5.00480 Bewertungenvon hier, webhostlist.de, trustpilot.com, dooyoo.deKienzle ...19.12.2017mehrBesser geht es...Ich habe seit kurzem ein Webhosting Paket von Manitu , ich bin sehr zufrieden... "
104,marcelremusrealestate.com," Exklusive Immobilien auf Mallorca | Marcel Remus Real Estate HomeImmobilienÜber unsShopMR-LifestyleKontaktBlog 5000 Gebiet Alle anzeigenMallorcaDüsseldorf MallorcaAlle anzeigenMallorcaDüsseldorf Ort Alle anzeigenAlaró Algaida Andratx Artá Bahia Azul Bendinat Binissalem Bunyola Cala Gamba Cala Llombards Cala Mayor Cala Pi Cala Vinyas Calonge Calvia Camp de Mar Campanet Capdepera Cas Catala Ciudad Jardin Colonia Sant Pere Colonia St. Jordi Costa de la Calma Costa d´en Blanes Deia Es Capdella Esporles Establiments Felanitx Formentor Genova Illetas Inca Llucmayor Montuiri Muro Palma Palmanova Palmanyola Pollensa Porreres Port Adriano Portals Portixol Porto Colom Puigpunyent Puntiró Sa Rápita Sa Torre Santa Eugenia Santa Maria Santa Maria Alaró Santa Maria de la Salud Santa Ponsa Sol de Mallorca Soller Son Font Son Gual Son Vida S´Aranjassa ValldemossaAlle anzeigenAlle anzeigenAlaróAlgaidaAndratxArtáBahia AzulBendinatBinissalemBunyolaCala GambaCala LlombardsCala MayorCala PiCala VinyasCalongeCalviaCamp de MarCampanetCapdeperaCas CatalaCiudad JardinColonia Sant PereColonia St. JordiCosta de la CalmaCosta d´en BlanesDeiaEs CapdellaEsporlesEstablimentsFelanitxFormentorGenovaIlletasIncaLlucmayorMontuiriMuroPalmaPalmanovaPalmanyolaPollensaPorreresPort AdrianoPortalsPortixolPorto ColomPuigpunyentPuntiróSa RápitaSa TorreSanta EugeniaSanta MariaSanta Maria AlaróSanta Maria de la SaludSanta PonsaSol de MallorcaSollerSon FontSon GualSon VidaS´AranjassaValldemossa Vermarktungsart Alle anzeigen Kauf Miete Alle anzeigenAlle anzeigenKaufMiete Objektart Alle anzeigenWohnungHausGrundstückGewerbe Alle anzeigenAlle anzeigenWohnungHausGrundstückGewerbe Preis von Preis bis Zimmer: von Zimmer: bis Fläche (m²): von Fläche (m²): bis Objekt-ID Fantastische Meerblick Villa auf Mont Port 440 m² Andratx 5.950.000 € ID: 50299 zum Exposé Traum-Villa mit Blick auf die Bucht von Palma und ... 630 m² Bendinat 6.450.000 € ID: 30221 zum Exposé Luxuswohnung in 1. Meeresline in Portixol 200 m² Palma 1.980.000 € ID: 20181 zum Exposé exklusiv Projekt: Designer Villa mit Meerblick 419 m² Son Vida 3.850.000 € ID: 10216 zum Exposé Luxus-Immobilien auf Mallorca kaufen | Marcel Remus Villa, Herrenhaus oder Wohnung auf Mallorca gesucht? Marcel Remus Real Estate ist Immobilienmakler für Luxus-Immobilien. Marcel Remus Real Estate – Ihr Immobilienmakler für Immobilien auf Mallorca Sie suchen eine ausgefallene und hochwertige Immobilie auf Mallorca? Marcel Remus Real Estate ist ein Maklerunternehmen, das sich exklusiv auf Immobilien aus dem Top-Segment spezialisiert hat. Ob stilvolle Villa, Herrenhaus oder Appartement – wir bieten Ihnen die Immobilie, die Ihren hohen Anforderungen entspricht. Nutzen Sie zunächst unsere umfangreiche Online-Galerie, um sich einen umfassenden Überblick über unsere aktuellen Objekte auf der Balearen-Insel machen zu können. Wir bringen Sie zu Ihrer Traumimmobilie... ...und begleiten Sie kompetent vom Erst-Kontakt bis hin zum Kaufabschluss. Unser Unternehmen hat sich innerhalb kürzester Zeit im Bereich der Luxus-Immobilien in den hochwertigen Spitzenlagen etabliert. Als Immobilienmakler auf Mallorca bieten wir Ihnen inselweit luxuriöse Villen mit Meerblick, herrschaftliche Fincas und top moderne Wohnungen mit großzügiger Wohnfläche in Santa Ponsa, Port Andratx, Son Vida, Bendinat, Pollensa und vielen weiteren Top-Lagen. Ihr Immobilienmakler: Diskretion und erstklassige Kontakte Diskretion, Seriosität und Zuverlässigkeit kennzeichnen seit jeher unsere Arbeit! Um Angebot und Nachfrage im exklusiven Bereich der Luxus-Immobilie optimal erfüllen zu können, pflegen wir erstklassige Kontakte zu anerkannten Bauträgern, Architekten und Sachverständigen. Wir sind außerdem Teil eines ausgezeichnet funktionierenden Netzwerkes aus Anwälten, Notaren, Bankspezialisten und wichtigen Vertretern aus Wirtschaft und Kultur. Um den Kauf Ihrer neuen Immobilien auf Mallorca einzuleiten, sind wir hervorragend aufgestellt. Wenn Sie sich von unseren topausgebildeten sowie erfahrenen Experten eine professionelle Beratung wünschen, stehen wir Ihnen jederzeit gerne zur Verfügung. Hauseigenes Hochglanz-Magazin über Immobilien auf Mallorca Blättern Sie gerne auch online durch unser hauseigenes Hochglanz Magazin „MR LIFESTYLE“, vielleicht finden Sie direkt eine Immobilie, die Ihnen gefällt! Möchten Sie unser Unternehmen näher kennenlernen? Hier finden Sie unser Show-Reel! Ob Kauf oder Vermietung einer Luxus-Immobilie auf Mallorca – in unserem Portfolio werden Wohnträume wahr! Nutzen Sie unsere zahlreichen Kontaktmöglichkeiten – unser gesamtes Team ist gerne für Sie da, wenn Sie sich für hochwertige Immobilien auf Mallorca interessieren! Mr. Lifestyle - der Luxus-Blog 11.12.2017 | Leben auf Mallorca Wein in Mallorca — die Weingbebiete Binissalem und Felanitx Die klimatischen Bedingungen und mallorquinischen Traditionen bieten beste Voraussetzungen für den qualitativ hochwertigen Anbau von Wein in Mallorca.mehr 15.11.2017 | Wohnträume Immobilie des Monats November Mitten in der idyllischen Naturlandschaft gelegen, besticht die Immobilie des Monats November mit einer gemütlichen Dachterasse und einer luxuriösen Inneneinrichtung.mehr 09.11.2017 | Luxus & Lifestyle Hafeninsel Mallorca – die schönsten und exklusivsten Häfen der Insel Die Sonneninsel Mallorca bietet spekatukäre Küstenlandschaften, bestens ausgestattete Anlegestellen und exklusive Hafenpromenaden mit köstlichen Restaurants und luxuriösen Desinger-Shops.mehr Finca mieten MallorcaFinca kaufen MallorcaHaus kaufen MallorcaHaus mieten MallorcaVilla Mallorca kaufenLangzeitmiete Mallorca Villa Mallorca mietenImmobilien Mallorca kaufenImmobilien Mallorca mietenAndratx Villa kaufen Puerto Portals Villa kaufenSanta Ponsa Immobilien kaufenSon Vida Villa kaufenSanta Ponsa Villa kaufen Bewerte diese Seite Bewerten 58 Bewertungen 83 % 1 5 4.15 Marcel Remus Real Estate Marcel Remus Real Estate Home (+34) 971 450019 Cami de Genova 4 07014 Palma de Mallorca ImpressumDatenschutzAGBSitemap Rufen Sie uns an Schreiben Sie uns "
105,medherbs.de,"MedHerbs - Bestes aus der Natur Bestes aus der Natur STARTSEITE ÜBER UNS UNSERE PRODUKTE INDUSTRIE UND HANDEL WISSENSWERTES KONTAKT ZUM SHOP WISSENSWERTES 22.09.2015 Stevia - und das Märchen mit den Aluminiumsalzen » Zum Artikel » Weitere Meldungen Herzlich willkommen bei MedHerbs. Wir bieten Ihnen hochwertige Heilkräuter und Gewürze für eine natürlich gesunde und genussvolle Ernährung. Und wir vertreiben auch Stevia in Lebensmittelqualität. Alle unsere Produkte sind qualitativ hochwertig und möglichst naturbelassen. Bei der Auswahl berücksichtigen wir sowohl traditionell bewährte als auch neueste wissenschaftliche Erkenntnisse. Außerdem achten wir auf nachhaltigen Anbau und schonende Verarbeitung sowie sozial und ökologisch vertretbare Arbeitsbedingungen bei Herstellern und Lieferanten. Unsere Kunden sind Gourmets und Gastronomen, Heilberufler und Apotheker, Industrie und Handel – und gerne auch Sie! IMPRESSUM | HAFTUNGSAUSSCHLUSS "
106,mediplusreisen.de," Mediplus – Urlaub für die besten Jahre Reisethemen Eigene Anreise Flugreisen Kreuzfahrten Service Katalog Gutscheine Newsletter Reiseversicherung Wellness-Lexikon Gepäckanhänger Gruppenreisen Hilfe FAQ ESTA für die USA Reisebüros Reiseinfos Anreise mit der Bahn Anreise mit dem Bus Krankenkassenzuschuss Kreuzfahrten Reisehinweise Unternehmen Kontakt Über Uns Jobangebote Pressemitteilungen Angebot zur Merkliste hinzugefügt. Angebot von der Merkliste entfernt. Merkliste 0228 / 6 88 33 501 (Täglich 8 - 22 Uhr, Ortstarif) i Telefon (Ortstarif) 0228 / 6 88 33 501 Telefax: 0228 / 6 88 33 599 Sie erreichen uns täglich von 8:00 - 22:00 Uhr Sie erreichen uns ebenso per E-Mail: service@mediplusreisen.de oder über unser Kontaktformular » Urlaub für die besten Jahre Urlaubs- finder Reisethemen Eigene Anreise Flugreisen Kreuzfahrten Urlaubs-Finder schließen Reisethema Reisethema wählen Erholung + All-Inclusive + Einzelzimmer ohne Zuschlag + Erholung + Familienurlaub + Strandurlaub + Städte Gesundheit + KUR Atemweg + KUR Gynäkologisch + KUR Haut + KUR Herz + KUR Kreislauf + KUR Muskel + KUR Nieren + KUR Rheuma + KUR Skelett + KUR Stoffwechsel + KUR Wundheilung + Präventionsreisen Vital + Ayurveda + Entspannung + Fitness + Golf + Rad & Nordic Walking + Wandern + Yoga und Atem Wellness + Bade- & Saunalandschaft + Deutschland Mitte + Deutschland Nord + Deutschland Süd + Massagen + SPA & Beauty + TDR Wellnessreisen + Thermen Reisethema wählen Reiseziel Reiseziel auswählen Deutschland + Baden-Württemberg + Bayern + Brandenburg + Hessen + Mecklenburg-Vorpommern + Niedersachsen + Nordrhein-Westfalen + Rheinland-Pfalz + Sachsen + Sachsen-Anhalt + Schleswig-Holstein + Thüringen Italien Jordanien Polen Slowenien + Inland + Kozjansko + Prekmurje + Slowenische Adria + Untersteiermark Tschechische Republik Ungarn Österreich Reiseziel auswählen Reisezeit Reisestart 04.01.2018 Reisezeit 2017 Dezember 2018 Januar 2018 Februar 2018 März 2018 April 2018 Mai 2018 Juni 2018 Juli 2018 August 2018 September 2018 Oktober 2018 November 2018 Dezember 2019 Januar 2019 Februar 2019 März 2019 April 2018 Januar Mo Di Mi Do Fr Sa So 27 28 29 30 1 2 3 4 5 6 7 8 9 10 11 12 13 14 15 16 17 18 19 20 21 22 23 24 25 26 27 28 29 30 31 1 2 3 4 5 6 7 25 26 27 28 29 30 31 1 2 3 4 5 6 7 8 9 10 11 12 13 14 15 16 17 18 19 20 21 22 23 24 25 26 27 28 29 30 31 1 2 3 4 29 30 31 1 2 3 4 5 6 7 8 9 10 11 12 13 14 15 16 17 18 19 20 21 22 23 24 25 26 27 28 1 2 3 4 5 6 7 8 9 10 11 26 27 28 1 2 3 4 5 6 7 8 9 10 11 12 13 14 15 16 17 18 19 20 21 22 23 24 25 26 27 28 29 30 31 1 2 3 4 5 6 7 8 26 27 28 29 30 31 1 2 3 4 5 6 7 8 9 10 11 12 13 14 15 16 17 18 19 20 21 22 23 24 25 26 27 28 29 30 1 2 3 4 5 6 23 24 25 26 27 28 29 30 1 2 3 4 5 6 7 8 9 10 11 12 13 14 15 16 17 18 19 20 21 22 23 24 25 26 27 28 29 30 31 1 2 3 28 29 30 31 1 2 3 4 5 6 7 8 9 10 11 12 13 14 15 16 17 18 19 20 21 22 23 24 25 26 27 28 29 30 1 2 3 4 5 6 7 8 25 26 27 28 29 30 1 2 3 4 5 6 7 8 9 10 11 12 13 14 15 16 17 18 19 20 21 22 23 24 25 26 27 28 29 30 31 1 2 3 4 5 30 31 1 2 3 4 5 6 7 8 9 10 11 12 13 14 15 16 17 18 19 20 21 22 23 24 25 26 27 28 29 30 31 1 2 3 4 5 6 7 8 9 27 28 29 30 31 1 2 3 4 5 6 7 8 9 10 11 12 13 14 15 16 17 18 19 20 21 22 23 24 25 26 27 28 29 30 1 2 3 4 5 6 7 24 25 26 27 28 29 30 1 2 3 4 5 6 7 8 9 10 11 12 13 14 15 16 17 18 19 20 21 22 23 24 25 26 27 28 29 30 31 1 2 3 4 29 30 31 1 2 3 4 5 6 7 8 9 10 11 12 13 14 15 16 17 18 19 20 21 22 23 24 25 26 27 28 29 30 1 2 3 4 5 6 7 8 9 26 27 28 29 30 1 2 3 4 5 6 7 8 9 10 11 12 13 14 15 16 17 18 19 20 21 22 23 24 25 26 27 28 29 30 31 1 2 3 4 5 6 24 25 26 27 28 29 30 31 1 2 3 4 5 6 7 8 9 10 11 12 13 14 15 16 17 18 19 20 21 22 23 24 25 26 27 28 29 30 31 1 2 3 28 29 30 31 1 2 3 4 5 6 7 8 9 10 11 12 13 14 15 16 17 18 19 20 21 22 23 24 25 26 27 28 1 2 3 4 5 6 7 8 9 10 25 26 27 28 1 2 3 4 5 6 7 8 9 10 11 12 13 14 15 16 17 18 19 20 21 22 23 24 25 26 27 28 29 30 31 1 2 3 4 5 6 7 25 26 27 28 29 30 31 1 2 3 4 5 6 7 8 9 10 11 12 13 14 15 16 17 18 19 20 21 22 23 24 25 26 27 28 29 30 1 2 3 4 5 Jetzt Suche starten Wellness Wohlbehagen in der kalten Jahreszeit 3 Nächte p.P. ab 429.- Wellnessreisen » Auszeit für Ihre kleine Familie 3 Nächte p.P. ab 149.- Angebote Single mit Kind » Weihnachten Österreich, All Inclusive 3 Nächte p.P. ab 149.- weitere Weihnachtsreisen » Aktuelle Reiseangebote Deutschland, Mosel, Löf Inmitten von Weinbergen Parkhotel Krähennest Eines der führenden Wellness- & Urlaubshotels in Rheinland-Pfalz Traumhafter Panoramablick ins Moseltal ""MOSEL-SPA"" Wellness- & Fitnesswelt auf 4.500 m² Hoteleigener Sandstrand mit Strandkörben! 3 Nächte, Halbpension ab € 219.- Deutschland, Sachsen, Bad Schandau Wellnessauszeit in der Sächsischen Schweiz! Hotel Elbresidenz an der Therme Übernachtungen im Doppelzimmer Superior Tägl.Thermeneintritt in die Toskana Therme inkl. Saunabereich Tägl. 3-Gang Wahlmenü oder Buffet am Abend 3 Nächte, Halbpension ab € 429.- Deutschland, Teutoburger Wald, Bad Salzuflen Kurzurlaub in der Kur- und Thermenstadt! BEST WESTERN PLUS Hotel Ostertor Modernes Hotel mit guter Verkehrsanbindung Cafés und Geschäfte in der Nähe Bayerisches Restaurant „Hofbräu“ im Haus 2 Nächte, Frühstück ab € 178.- Deutschland, Vogtland, Bad Brambach Idyllische Tage im Vogtland Santé Royale Hotel- und Gesundheitsresort in Bad Brambach Inkl. Halbpension € 10.- Gutschein für das Privat SPA Täglich Eintritt in die Bade- und Saunalandschaft Bad Brambach (Wert: € 45.-) 3 Nächte, Halbpension ab € 189.- Deutschland, Insel Rügen, Göhren Erholung auf Deutschlands größter Insel Akzent Waldhotel Göhren Inkl. ""Rasulbad für Zwei"" mit Rügener Heilkreide Halbpension & Begrüßungsgetränk nur 200m vom Strand gelegen 2 Nächte, Halbpension ab € 149.- Deutschland, Weserbergland, Bad Pyrmont WellnessOase unter Palmen Hotel Fürstenhof kürzlich renoviertes Hotel in zentraler Lage Inkl. Premium Card Bad Pyrmont Inkl. Wellnesspaket i. W. v. € 183.- 3 Nächte, Frühstück ab € 311.- Deutschland, Bayerisches Bäderdreieck, Bad Füssing Thermalbaden in Bad Füssing Hotel Vital Vallaster Inkl. Frühstück Unterbringung in einer Suite Inkl. Gutschein für einen Halbtagesausflug (Wert: ca. € 12.-) Inkl. 3x Thermen-Eintritt (Wert: ca. € 33.-) 4 Nächte, Frühstück ab € 259.- Deutschland, Bayerisches Bäderdreieck, Bad Füssing Vital-Urlaub zum Vorzugspreis Kurhotel Panland Inkl. Halbpension Plus 4x Eintritt in eine Therme Bad Füssings Ihrer Wahl Inkl. Aromaöl-Massage, Überwasserdruckmassage, Schnupperkurs Life Kinetik 7 Nächte, Halbpension Plus ab € 333.- Deutschland, Weserbergland, Bad Pyrmont Highlights von Bad Pyrmont Hotel Fürstenhof Hotel direkt am Kurpark Inkl. Premium Card Bad Pyrmont Inkl. Vitalpaket i. W. v. € 305.- 5 Nächte, Frühstück ab € 499.- Deutschland, Teutoburger Wald, Bad Salzuflen Thermenspaß in Bad Salzuflen! Kurhotel Joh Familiäres Hotel in zentraler Lage Inkl. Wellnesspaket i. W. v. € 50.- 2 Nächte, Frühstück ab € 164.- Entdecken Sie das Mediplus Wellness-Deutschland! Reisen Sie mit einem Klick durch Nord, Mitte & Süd Für ein kurzes Wellness-Wochenende mit vielen bereits inkludierten Anwendungen müssen Sie nicht weit fahren. Bei Mediplus werden Sie auch ganz in Ihrer Nähe fündig. Ganz Deutschland entdecken Entdecken Sie unsere Wellnessreisen nach Norddeutschland.Wellness am Meer! Erleben Sie die frische Brise, den gleichförmigen Wellenklang und lassen Sie Ihren Blick übers Meer schweifen. Genießen Sie eine Wohlfühl-Auszeit mit Massage, Sauna und kosmetischen Anwendungen an Nord- oder Ostsee. Deutschland-Nord entdecken Entdecken Sie unsere Wellnessangebote in der Mitte Deutschlands.Nutzen Sie unsere Wellnessangebote für die Mitte Deutschlands, z.B. in Niedersachsen, Hessen, Sachsen oder Thüringen für eine entspannte Anreise aus jeder Richtung. Deutschland-Mitte entdecken Finden Sie Ihre Wellness-Auszeit im Süden Deutschlands.Süddeutschland mit seinen Bergen und Seen lädt Sie zu einem ganz besonderen Wander- und Wellnessurlaub ein. Unsere Hotels liegen in reizvoller Landschaft und bieten hochwertige Wellnessangebote in Bayern, im Allgäu oder in der bayerischen Rhön. Deutschland-Süd entdecken Lassen Sie sich verwöhnen! Unsere Wellness-Angebote lassen kaum Wünsche offen. Deutschland, Insel Rügen, Göhren Rügener Heilkreide Akzent Waldhotel Göhren Inkl. Halbpension Nutzung des 1.000 m² großen Wellnesscenters Vitalpaket Rügener Heilkreide (Körperpeeling, Ganzkörperkreidepackung, Schulter/Nackenmassage) 3 Nächte, Halbpension ab € 320.- Deutschland, Oberbayern, Bad Reichenhall Wellnessurlaub mit Alpenpanorama! Wyndham Grand Axelmannstein Inkl. Halbpension Inkl. 1x Eintritt ins Königssalz Salalrium i.W.v. ca. € 12.- Inkl. 1x Wellnessmassage i.W.v. ca. € 39.- 3 Nächte, Halbpension ab € 239.- Polen, Ostsee, Gribow Wellness an der Ostseeküste Kurhaus Diament SPA Wellnesspaket: Rückenmassage mit Bernsteinöl, Gesichtsmassage, Gesichtspeeling, Gesichtsmaske Leihbademantel für die Dauer des Aufenthaltes Inkl. Halbpension 5 Nächte, Halbpension ab € 159.- Deutschland, Hessen, Bad Salzschlirf Von Kopf bis Fuß entspannt aqualux Wellness- und Tagungshotel Inkl. Halbpension Inkl. Wellnesspaket (div. Massagen) 3 Nächte, Halbpension ab € 199.- Deutschland, Weimarer Land, Bad Sulza Hotel an der Therme - Haus 2 Hotel an der Therme Inkl. Halbpension Inkl. tägl. 4 Std. Thermennutzung* Inkl. 1x Ganzkörper-Wellness-Ritual i. W. v. € 80.- 3 Nächte, Halbpension ab € 329.- Deutschland, Oberbayern, Bad Reichenhall Wellnessurlaub mit Alpenpanorama! Wyndham Grand Axelmannstein Inkl. Halbpension Inkl. 1x Eintritt ins Königssalz Salalrium i.W.v. ca. € 12.- Inkl. 1x Wellnessmassage i.W.v. ca. € 39.- 3 Nächte, Halbpension ab € 239.- Neu Neu Deutschland, Thüringer Becken, Bad Langensalza Neueröffnung mit Therme Santé Royale Gesundheitsresort Bad Langensalza Inkl. Halbpension Täglich Eintritt in die Friederiken Therme inkl. Sauna Inkl. 1x Rosenöl-Cremebad (20 Min.) Neueröffnung Juni 2017! 3 Nächte, Halbpension ab € 199.- Deutschland, Weserbergland, Bad Pyrmont Highlights von Bad Pyrmont Hotel Fürstenhof Hotel direkt am Kurpark Inkl. Premium Card Bad Pyrmont Inkl. Vitalpaket i. W. v. € 305.- 5 Nächte, Frühstück ab € 499.- Nr. 1 für maßgeschneiderte Reisen mit dem Gesundheitsplus Jährlich über 200.000 zufriedene Gäste. Vielfältiges Programm, für jeden Geschmack 0228 / 6 88 33 501 (Täglich 8 - 22 Uhr, Ortstarif) Wir bieten Ihnen rundum kompetenten Service Wir helfen Ihnen gerne Kataloge Bestellung Newsletter Anmeldung Busanreise inkl. Haustürservice Bahnanreise Informationen Service Service Katalog Gutscheine Newsletter Reiseversicherung Wellness-Lexikon Gepäckanhänger Gruppenreisen Hilfe Hilfe FAQ ESTA für die USA Reisebüros Reiseinfos Reiseinfos Anreise mit der Bahn Anreise mit dem Bus Krankenkassenzuschuss Kreuzfahrten Reisehinweise Unternehmen Unternehmen Kontakt Über Uns Jobangebote Pressemitteilungen © Mediplusreisen, 2016 AGB Impressum Datenschutz Kontakt "
107,mein-wellnessurlaub.de," Wellnessurlaub, Wellnesshotel - günstig buchen, für Wochenende und Kurzurlaub Wellnessurlaub Wellness-Wochenende Romantik-Wochenende Wellness Kurzurlaub Gutscheine Regionen Allgäu Bayern Bayerischer Wald Bodensee Brandenburg Eifel Erzgebirge Franken Harz Hunsrück Hessen Lüneburger Heide Mecklenburger Seenplatte Mecklenburg-Vorpommern Mosel Münsterland Müritz Niedersachsen Nordsee Nordrhein Westfalen Ostsee Pfalz Rheinland-Pfalz Insel Rügen Sachsen Sachsen Anhalt Sächsische Schweiz Sauerland Schleswig Holstein Schwarzwald Teutoburger Wald Thüringen Thüringer Wald Insel Usedom Vogtland ALLE REGIONEN » Themen Wellnessurlaub exklusiv Aktivurlaub Ayurveda Thalasso Gourmetreisen Golfurlaub Schlossurlaub Romantikurlaub Last Minute Wellness Wellness mit Freundinnen Ostern Himmelfahrt Pfingsten Weihnachten Silvester Frühlings - Special Sommer - Special Herbst - Special Winter - Special ALLE THEMEN » Tipps & Blog Kontakt Ihre Vorteile bei uns ausgesuchte Wellnesshotels kostenlose Vermittlung garantiert bester Preis Beratung & Insidertipps Bezahlung erst vor Ort Alle Regionen ------------------------ OSTSEE gesamt - Insel Rügen - Insel Usedom - Fischland-Darss-Zingst - Ostseeküste Mecklenburg - Ostseeküste Schleswig-Holstein ------------------------ NORDSEE, Nordseeküste ------------------------ NORDDEUTSCHLAND sonstige - Münsterland, Teutob.Wald, Lünebg.Heide - Mecklenburger Seenplatte ------------------------ MITTELDEUTSCHLAND gesamt - Sauerland - Hessen - Thüringen - Harz ------------------------ OSTDEUTSCHLAND gesamt - Brandenburg - Sachsen - Sachsen-Anhalt ------------------------ WESTDEUTSCHLAND - Eifel, Ahr - Region Mosel & Hunsrück - Pfalz ------------------------ SCHWARZWALD ------------------------ BAYERN gesamt - Allgäu - Oberbayern - Niederbayern - Bayerischer Wald - Franken ------------------------ Alle Reisethemen ------------------------ Verwöhnen & Entspannen Wellness zum Kennenlernen Gepflegt & Schön Romantik zu zweit Freundinnen-Angebote Gourmet & Kulinarik Übernachtungspauschalen Last Minute / Sonderangebote ------------------------ Alle FEIERTAGE - Ostern - Himmelfahrt - Pfingsten - Weihnachten - Silvester Alle Übernachtungen ------------------------ 1 Übernachtung 2 Übernachtungen 3 Übernachtungen 4 Übernachtungen 5 Übernachtungen 6 Übernachtungen 7 Übernachtungen über 7 Übernachtungen individuell / beliebig Frühester Anreisetag: Spätester Anreisetag: Preis pro Person: Preis beliebig bis 150,- Euro p.P bis 200,- Euro p.P bis 250,- Euro p.P bis 300,- Euro p.P bis 400,- Euro p.P bis 500,- Euro p.P bis 700,- Euro p.P Wellnessurlaub, Wellnessreisen - hier buchen Wellnesshotels einfach finden, günstig buchen... Herzlich Willkommen bei Mein-Wellnessurlaub.de ! Wir freuen uns, dass Sie auf der Suche nach Erholung und Entspannung, Wellness & Urlaub zu uns gefunden haben. Wir präsentieren Ihnen hier ausgesuchte Reise- und Urlaubsangebote für einen Wellness Kurzurlaub, ein Wellness Wochenende, Romantik Wochenende oder längere Wellnessreisen in den schönsten deutschen Urlaubsregionen und Urlaubsorten. Günstiger Wellnessurlaub Wellness Wochenende Romantik zu zweit Kurzurlaub 3 und 4 Tage Wellness-Gutscheine Winter-Special Ihre Wellnessreise-Agentur Bei uns können Sie Ihren Romantik-, Verwöhn- und Wellnessurlaub im Wellnesshotel Ihrer Wahl direkt buchen. Sie erhalten umgehend eine Buchungsbestätigung mit allen notwendigen Informationen. Die Bezahlung des Reisepreises erfolgt wie üblich im Hotel, unser Vermittlungs-Service ist für Sie selbstverständlich kostenlos. Nachfolgend möchten wir Ihnen noch einige Gründe nennen, warum Sie gerade hier Ihren Wellnessurlaub, Ihr Wochenende oder Ihre Kurzreise buchen sollten. Urlaub bei uns buchen: 10 Jahre Erfahrung Seit über 10 Jahren sind wir als Wellness-Reiseagentur tätig - wir wissen, was unsere Gäste wollen. Große Angebotsvielfalt Bei uns finden Sie aktuell ca. 150 Wellnesshotels und nahezu 1000 Urlaubsangebote in Deutschland. Echte Hotelbewertungen Orientieren Sie sich an unseren Hotelbewertungen, die nur wirkliche Gäste abgeben können. Preisgarantie Bei uns finden Sie garantiert die günstigsten aktuellen Preise für ein Urlaubsangebot. Bezahlung erst vor Ort Bei uns buchen Sie sicher - Ihre Reise bezahlen Sie erst direkt vor Ort in Ihrem Hotel. Persönlicher Service Wir beraten Sie kompetent - und sollte einmal etwas nicht in Ihrem Sinne sein, finden wir eine Lösung. Ausgesuchte Themen und Specials • Scharmützelsee - neu bei uns - unser Wellnesshotel am Scharmützelsee nahe Bad Saarow • Wellness exklusiv - Besondere Hotels und Angebote für Erholungssuchende mit gehobenen Anprüchen. • Sonderangebote - Last Minute Wellness, besonders günstiger Wellnessurlaub und weitere Sonderangebote. • Aktivurlaub - Verbinden Sie Ihren Verwöhnurlaub mit aktiver Erholung, Fitnessangeboten und Sport • Gourmetreisen - Erleben Sie kulinarische Wellnessreisen mit vielfältigem und exklusiven Gourmetgenuss. • Romantikurlaub - Buchen Sie Kuschelarrangements, Angebote für ein Romantik-Wochenende zu zweit etc. • Ostern - Sie finden Arrangements und Pauschalangebote unserer Hotels speziell für Ostern. • Himmelfahrt - Buchen Sie ein Urlaubsangebot für Kurzurlaub zu Himmelfahrt im Wellnesshotel Ihrer Wahl. • Pfingsten - Nutzen Sie die Feiertagsangebote unserer Gastgeber und gönnen Sie sich einen Kurztrip zu Pfingsten. • Weihnachten - Arrangements und Urlaubsangebote für Weihnachten - Sie sollten rechtzeitig buchen ! • Silvester - Ihren Wellnesstrip zum Jahreswechsel und zu Silvester sollten Sie ebenfalls rechtzeitig buchen. • Wellness Reiseberichte: Reisetipps und Erfahrungsberichte unserer Gäste - lassen Sie sich inspirieren ! Eine Übersicht über alle Wellnessreise-Themen finden Sie hier » Der letzter Beitrag in unserem Blog: Wellness Gutschein verschenken » Wir vermitteln Ihren Wellnessurlaub, Ihr Wellness-Wochenende und Ihren Kurzurlaub. Urlaubstelefon: 03834 - 550 650 Mo.-Fr. 8.30-17.30 Uhr Wir auf Facebook • Über uns • Buchungshinweise • Reiseversicherung • AGB • Impressum • Datenschutz Ihre Urlaubsangebote werden zusammengestellt. "
108,meinemarkenmode.de," Exklusive Eigenkollektionen immer versandkostenfrei! Sehr gut4.68/5.00Zertifiziert seit 05.11.2013×Zertifizierter Shop Toggle navigation Finden Kontakt Information Zahlungsarten Versandarten & -kosten Rücksendung Widerrufsrecht FAQ Impressum Login E-Mail-Adresse Passwort Anmelden Passwort vergessen? Registrieren Abbrechen 0Warenkorb Sie haben noch keine Artikel im Warenkorb. Finden Home Damen Kleider Kurze Kleider Jumpsuits Pullover Kapuzenpullover Strickjacken Sweatjacken Sweatshirts Strickpullover Jacken Übergangsjacken Trenchcoats & Übergangsjacken Westen Mäntel Lederjacken Parkas & Winterjacken Oberteile T-Shirts Blusen & Tuniken Tops Longsleeves Hosen Jeans Shorts Chinos & Stoffhosen Herren Pullover Kapuzenpullover Sweatjacken Strickjacken & Cardigans Sweatshirts Strickpullover Jacken Übergangsjacken Sakkos Westen Mäntel Lederjacken Parkas & Winterjacken Oberteile T-Shirts Tank Tops Hemden Poloshirts Longsleeves Hosen Jeans Chinos & Stoffhosen Shorts Badeshorts Sportbekleidung Sportjacken Sportshirts Sport Longsleeves Sporthosen Neu Eigenkollektion Sale % SALE!BIS ZU 70% RABATT JETZT SHOPPEN !SOLID ZUR AUSWAHL DESIRES ZUR AUSWAHL BLEND ZUR AUSWAHL BlendShe ZUR AUSWAHL Ob lässig durch den Sommer oder sportlich durch den Winter, ob praktisch durch den Herbst oder doch chic durch den Frühling - Die Produktpalette des jungen Unternehmens meinemarkenmode.de lässt die Modeherzen höher schlagen. Inmitten einer großen Markenvielfalt findet sich für jeden das perfekte Teil für lässige Allrounder-Looks. Ob sportlich-chic, klassisch-unkompliziert oder praktisch-cool - Die stilistische Orientierung an skandinavischen Marken bieten das pure topmodische Casual-Vergnügen. Getreu dem aktuellen Zeitgeist liegt der Fokus des dynamischen Unternehmens auf Eigenproduktionen. Modische Statements zu setzen wird somit zum Klacks! Bei meinemarkenmode.de lassen sich Exklusivität, Stilbewusstsein und die Freude an Mode wunderbar vereinen, denn uns ist längst klar, dass Kleider nicht nur Leute machen, sondern dabei auch ausschlaggebend für unser Wohlbefinden sind. Klicken Sie sich durch und probieren Sie sich aus! Facebook 12477 „Gefällt mir“-Angaben Instagram Gerne halten wir Dich auf dem Laufenden 10 € Gutschein für Abonnenten* Produkt-Neuheiten Produkt-Angebote Gutschein-Aktionen Vorname Nachname E-Mail-Adresse Abonnieren *Gutschein ist einmalig gültig. Mindestbestellwert 50,00 Euro. Keine Barauszahlung möglich. Keine Kombination mit weiteren Gutscheinen. Zahle bequem per Bestelle auf Rechnung mit Wir versenden mit Einkaufen Zahlungsarten Versandarten & -kosten Rücksendung Widerrufsrecht Warenkorb Zur Kasse Online-Streitschlichtung FAQ Mein Konto Registrieren Login Unternehmen Über uns Kontakt Datenschutz AGB Impressum Jobs Google Analytics Top Marken !Solid Blend Blend Athletics Blend She Desires Indicode Khujo Produkt Vero Moda © Copyright 2017 meinemarkenmode.de GmbH & Co. KG. Alle Rechte vorbehalten. Warenkorb Nach oben Ihr Browser unterstützt kein JavaScript! Um die Funktionen dieser Seite nutzen zu können, benötigen Sie JavaScript! Bitte aktualisieren Sie Ihren Browser oder aktivieren Sie JavaScript in den Einstellungen. Zertifikat prüfenKäuferschutzbedingungenAlle Bewertungen Impressum Datenschutz+Maximieren×SchließenSehr gut4.68/5.00Zertifizierter ShopZertifikat prüfenKäuferschutzbedingungenAlle Bewertungen Impressum Datenschutz–Minimierenmeinemarkenmode.de×KäuferschutzSie können sich nach dem Einkauf für die kostenlose Trusted Shops Mitgliedschaft Basic anmelden, inkl. Käuferschutz bis je 100 € für den aktuellen Einkauf sowie für Ihre weiteren Einkäufe in deutschen Shops mit dem Trusted Shops Gütesiegel.Mit Trusted Shops PLUS (inkl. Garantie) werden Ihre Einkäufe sogar bis je 20.000 € durch den Käuferschutz (inkl. Garantie) abgesichert, für 9,90 € pro Jahr inkl. MwSt. bei einer Mindestvertragslaufzeit von 1 Jahr. Die Absicherungsdauer des Käuferschutzes pro Einkauf beträgt in beiden Fällen 30 Tage.Es gelten die Mitgliedschafts- und Käuferschutzbedingungen.Zertifiziertseit 05.11.2013Käuferschutzbis zu 20.000 €×KundenbewertungenDie Note „Sehr gut“ berechnet sich aus den 260 Trusted Shops Bewertungen der letzten 12 Monate, die im Bewertungsprofil eingesehen werden können.447KundenbewertungenSehr gut4.68/5.00Tatjana K08.12.2017TOP25.09.2017Ich war mit allem voll und ganz zufrieden Gerne jederzeit wieder.hubert g21.09.2017wie oben angegeben ist alles sehr gut, der artikel pullover ist auch sehr gut"
109,meinnotizbuch.de," meinnotizbuch.de - Notizbücher selbst online gestalten Sehr gut4.83/5.00Zertifiziert seit 16.11.2011×Zertifizierter Shop 15% Sonderrabatt auf Leuchtturm1917 B5 Versandkostenfrei ab € 30 (DE) Individuelle Geschenke Superschnelle Lieferung +49 (0)871 9534239 Login Newsletter Warenkorb: 0 | 0,00 Notizbücher Notizbuch gestalten Notizbuch von Moleskine Notizbuch von Leuchtturm1917 Notizbuch von tyyp Notizbuch von FantasticPaper Notizbuch von Semikolon Notizbuch von Gmund Notizbuch liniert Notizbuch dotted Notizbuch blanko Notizbuch kariert A4 Notizbuch A5 Notizbuch Notizbuch B5 Softcover A6 Notizbuch Ledercover für Moleskine Alle Notizbücher Geschenkgutscheine Kalender Moleskine Kalender Leuchtturm1917 Kalender Geschenkgutscheine Stifte Füller Ballpointer Bleistifte Kugelschreiber Geschenkgutscheine Accessoires Geschenksets masking tapes ITO Drawing Pads Zettel & Blöcke Geschenkgutscheine Firmenkunden Marken Caran d'Ache Faber-Castell formes Berlin Gmund Haferkorn & Sauerbrey ITO Bindery Leuchtturm1917 masking tapes Moleskine Odetteaussi* Semikolon tyyp Winged Wheel SALE 123 Die schönsten Notizbücher: Richtig gute Geschenke und auch noch ganz persönlich! Sie suchen ein Geschenk, das Freude macht, vielleicht sogar das ganze Jahr über, aber auf jeden Fall lang und nachhaltig?Entdecken Sie unsere umfangreiche Auswahl an Premium-Notizbüchern von bekannten Top-Marken wie Moleskine oder Leuchtturm1917 oder echten Geheimtipps wie Nuuna, tyyp oder Semikolon und die edlen Notizbücher von Gmund! Das Einmalige an meinnotizbuch.de aber ist unser Konfigurator! Mit ihm gestalten Sie das Cover Ihres Lieblingsnotizbuches. Schnell, einfach, intuitiv. Tolle Motive und witzige Schriften kombiniert mit Ihrem Lieblingsnotizbuch ergeben unzählige Möglichkeiten für Ihre Phantasie.Sie möchten Ihr personalisiertes Notizbuch am liebsten gleich haben? Sofort geht zwar nicht, aber fast! Wenn Ihre Bestellung bis 13 Uhr bei uns eingeht, versenden wir Ihr Notizbuch garantiert noch am selben Tag per DHL an Sie. Und dazu noch: Ab € 30 Bestellwert verschicken wir Ihr Notizbuch in Deutschland kostenfrei an Sie! Folge uns Newsletter abonnieren Los! www.CleverReach.de Zahlungsarten Rechtliches AGB Impressum Datenschutz Widerrufsbelehrung Service Versandkosten Kontakt Themenwelten Ratgeber zum Notizbuch und Schreiben Glossar meinnotizbuch Über meinnotizbuch.de Newsletter Blog Notizbuch selbst gestalten - So geht es Wie wir versenden MOLESKINE® is a trademark registered by Moleskine S.r.l. Moleskine S.r.l. has no relation with any content published on this website. meinnotizbuch.deDurchschnittliche Bewertung: 4.83 (von 5). Ermittelt aus 57 Bewertungen. Kontakt: wilma republic GmbH, Ländgasse 123, 84028 Landshut, +49 (0)871 9534239, hallo@meinnotizbuch.de © 2017 mein NOTIZBUCH ∧ Zertifikat prüfenKäuferschutzbedingungenAlle Bewertungen Impressum Datenschutz+Maximieren×SchließenSehr gut4.83/5.00Zertifizierter ShopZertifikat prüfenKäuferschutzbedingungenAlle Bewertungen Impressum Datenschutz–Minimierenmeinnotizbuch.de×KäuferschutzSie können sich nach dem Einkauf für die kostenlose Trusted Shops Mitgliedschaft Basic anmelden, inkl. Käuferschutz bis je 100 € für den aktuellen Einkauf sowie für Ihre weiteren Einkäufe in deutschen Shops mit dem Trusted Shops Gütesiegel.Mit Trusted Shops PLUS (inkl. Garantie) werden Ihre Einkäufe sogar bis je 20.000 € durch den Käuferschutz (inkl. Garantie) abgesichert, für 9,90 € pro Jahr inkl. MwSt. bei einer Mindestvertragslaufzeit von 1 Jahr. Die Absicherungsdauer des Käuferschutzes pro Einkauf beträgt in beiden Fällen 30 Tage.Es gelten die Mitgliedschafts- und Käuferschutzbedingungen.Zertifiziertseit 16.11.2011Käuferschutzbis zu 20.000 €×KundenbewertungenDie Note „Sehr gut“ berechnet sich aus den 57 Trusted Shops Bewertungen der letzten 12 Monate, die im Bewertungsprofil eingesehen werden können.677KundenbewertungenSehr gut4.83/5.00Marianne R17.11.2017Super schnelle Lieferung. Preis- Leistungsverhältnis stimmt auch:-)19.07.2017Bin sehr zufrieden, komme gerne wieder14.06.2017Auch als Last-Minute-Geschenk noch etwas personalisiertes zu bekommen, dass dann auch noch meinen Erwartungen entsprach, hat mich sehr gefreut und rechtfertigt den Preis"
110,mikrosat.de," Studioblitz - Studioblitz, der geht nie kaputt. Sehr gut4.87/5.00Zertifiziert seit 02.09.2014×Zertifizierter Shop de Sprache Sprache auswählen Deutsch English Kundenlogin Kundenlogin Konto erstellen Passwort vergessen? Merkzettel 0 Suche Alle Alle Studioblitz Systemblitz Studioblitz Set Para-Dise Studioausstattung Systemblitz Zubehör Dauerlicht Blitzauslöser Kamera Zubehör Kamerastative, Einbeinstative und Stativköpfe Fototaschen Hintergrundkarton - Hintergrund System Batterien und Akkus Flohmarkt Alle Studioblitz Systemblitz Studioblitz Set Para-Dise Studioausstattung Systemblitz Zubehör Dauerlicht Blitzauslöser Kamera Zubehör Kamerastative, Einbeinstative und Stativköpfe Fototaschen Hintergrundkarton - Hintergrund System Batterien und Akkus Flohmarkt Suche... Erweiterte Suche Mikrosat Studiotechnik GmbH24/7 Telefonservice: 040 228 133 722 Ihr Warenkorb 0,00 EUR Sie haben noch keine Artikel in Ihrem Warenkorb. SALE % Studioausstattung Studioblitz Set Systemblitz Dauerlicht Studioblitz Stative Hintergrund Produkt suchen Kontakt Weitere de Sprache Sprache auswählen Deutsch English Kundenlogin Kundenlogin Konto erstellen Passwort vergessen? Merkzettel Startseite Pics Referenzen Reparatur Applikation Lichtformer Test Unsere Empfehlungen TOP Godox Softbox 40x40 für Systemblitz Lieferzeit: Verfügbar (Lieferfrist 2-4 Werkt 39,00 EUR TOP -11% Godox SL-100W Dauerlicht Videoleuchte 5600K... Lieferzeit: Verfügbar (Lieferfrist 2-4 Werkt Statt 280,00 EUR Nur 249,00 EUR TOP Godox A1 Smartphone Blitz 2.4G Lieferzeit: Verfügbar (Lieferfrist 2-4 Werkt 69,00 EUR TOP -6% Godox AD600B Akku Studioblitz mit TTL (600Ws)... Lieferzeit: Verfügbar (Lieferfrist 2-4 Werkt Statt 749,00 EUR Nur 699,00 EUR TOP Godox TT685 TTL Systemblitz für Canon Lieferzeit: Verfügbar (Lieferfrist 2-4 Werkt 113,00 EUR Neue Artikel NEU Tsunami Schutzkoffer 44-34-19 Lieferzeit: Lieferfrist mehr als 21 Tage 129,00 EUR NEU Manfrotto MVKBFRT-LIVE Befree Live Kit Twist... Lieferzeit: Verfügbar (Lieferfrist 2-4 Werkt 229,00 EUR NEU -21% Godox Xpro-N TTL Funkauslöser zu Nikon Lieferzeit: Verfügbar (Lieferfrist 2-4 Werkt Statt 79,00 EUR Nur 62,00 EUR NEU HPRC 2600SSKW Schutzkoffer Lieferzeit: Verfügbar (Lieferfrist 2-4 Werkt 329,00 EUR NEU Manfrotto MKBFRTA4BL-BH Befree Advanced Alu... Lieferzeit: Lieferfrist mehr als 21 Tage 179,00 EUR Studioblitz Systemblitz Studioblitz Set Studioblitz Set anzeigen Hobby Studioblitz Set Basic Studioblitz Set Profi Studioblitz Set Para-Dise Para-Dise anzeigen Para-Dise Zubehör Studioausstattung Studioausstattung anzeigen Lampenstativ Lampenstativ anzeigen Boden Lampenstativ Normal Lampenstative Galgenstativ Lampenstativ-Zubehör Softboxen Softboxen anzeigen Basic Softboxen Professionelle Softboxen Grandbox / Parabox Aufspannbare Softboxen Speedringe und Softboxadaptern Softbox Wabengitter, - Masken Beauty Dish Reflektoren/Wabe/Engstrahler Schirm Faltreflektor Belichtungsmesser Klammern - Klemmen Klammern - Klemmen anzeigen Spigot Klammern Klemme Stativ-Arm Schraubklemme Spigot Klemme Taschen für Studiolicht Einstellicht Blitzröhre Blitzröhre anzeigen Mikrosat Blitzröhre Hensel Blitzröhre Profoto Blitzröhre Multiblitz Blitzröhre Hunbright / Visico / Walimex Blitzröhre Bowens Blitzröhre PhotoDynamic Blitzröhre Cononmark Blitzröhre Elinchrome Blitzröhre Broncolor / Visatec Blitzröhre Godox Blitzröhre Schutzglas Lichtkugel Produktfoto Zubehör Produktfoto Zubehör anzeigen Lichtzelt Aufnahmetisch Sonstiges Zubehör Systemblitz Zubehör Systemblitz Zubehör anzeigen Systemblitzhalterungen Lichtformer für Systemblitze Systemblitz Sets Dauerlicht Dauerlicht anzeigen Halogen Dauerlichte HMI Lampen Spirallampen LED Lampen Blitzauslöser Blitzauslöser anzeigen Digital R Auslöser Blitzauslöser Kabel - Adapter Infra Auslösern Sync-Kabel Zubehörschuh Kamera Zubehör Kamera Zubehör anzeigen Objektive Graukarte Wasserwaage Kamerastative, Einbeinstative und Stativköpfe Kamerastative, Einbeinstative und Stativköpfe anzeigen Fotostative Stativköpfe und Zubehör Einbeinstative Fototaschen Fototaschen anzeigen Manfrotto Taschen Taschen für SLR Kameras Fotorucksack Stoßfeste Taschen Hintergrundkarton - Hintergrund System Hintergrundkarton - Hintergrund System anzeigen Hintergrund System Hintergrundkarton 1,35x11 m Hintergrundkarton 2,08x11m Hintergrundkarton 2,72x11m Specialty Hintergrundkarton Muslin Stoff Hintergrund Textil & Digital Hintergrund Leichter Stoffhintergrund 3x6m Floor Drops Ella Bella gedruckter Papierhintergrund Vinyl Hintergrund Batterien und Akkus Batterien und Akkus anzeigen Sony NP kompatibel Akku für Studiobliztgeräte Flohmarkt de Sprache Sprache auswählen Deutsch English Kundenlogin Kundenlogin Konto erstellen Passwort vergessen? Merkzettel Bestseller E27 10W LED Glühbirne Spot Licht Leuchtmittel Warmweiß 2,00 EUR E14 4W LED Kerzenlicht Spot Licht Leuchtmittel Warmweiß 2,10 EUR Hensel ""U"" förmige Blitzröhre für Contra/Integra Blitze 500Ws - 9450401 63,00 EUR GU10 3W LED Leuchtmittel Birne Spot Licht Warmweiß 2,10 EUR Mikrosat Basic Softbox 40x180 mit Wabengitter ab 49,00 EUR Newsletter-Anmeldung Anmelden Angebote Induro CLM104 Monopod Einbeinstativ Carbon Statt 115,00 EUR Nur 89,00 EUR Hersteller Bitte wählenAuroraBroncolorColoramaCononmarkCreativityGodoxInduroLastoliteManfrottoMicnovaMikrosatMultiblitzNanukOptonica LEDPolarisProfotoSavageTokina Company,..V-TACWalimexWalimex ProYongnuo Mikrosat Studiotechnik GmbH - Essener Strasse 4 Haus D3 - 22419 Hamburg Mehr über... Versand- & Zahlungsbedingungen Widerrufsrecht & Muster-Widerrufsformular Herunterladen Weitere Informationen über unser Angebot Privatsphäre und Datenschutz AGB Impressum Callback Service Referenzen Newsletter E-MailGeschlechtmännlichweiblichVornameNachnameAbschicken Reparatur Statistik Bis heute haben wir 4052 Blitze repariert und der Lagerbestand ist 12735. Mikrosat Team Herunterladen Internetshop by Gambio.de © 2017 Ausgewählte Top-Bewertungen für mikrosat.de 20.12.17Alles gut, 18.12.17Alles bestens - Lieferzeit war wie angegeben. Jederzeit wieder 17.12.17Sehr schnelle Lieferung und guter support 17.12.17Völlig zufrieden 14.12.17zuverlässig und schnell 14.12.17Sehr schnell und ordentlich verpackt geliefert. Ware einwandfrei. Sehr gutes Preis/Leistungsverhältnis. Danke. 14.12.17Alles perfekt 11.12.17Guter Service. Leider halt meist sehr lange Lieferzeiten (aber so wie angegeben) 07.12.17Alles gut 07.12.17Alles sehr gut gelaufen. Ich musste meinen Godox Blitz nicht China kaufen und bekam eine Rechnung mit ausgewiesen…229 Bewertungen {{#title}} {{title}} {{/title}} {{{items.src}}} {{#showButtons}} {{#buttons}} {{name}} {{/buttons}} {{/showButtons}} {{#content}} {{.}} {{/content}} {{#content}} {{{.}}} {{/content}} Contact Us Zertifikat prüfenKäuferschutzbedingungenAlle Bewertungen Impressum Datenschutz+Maximieren×SchließenSehr gut4.87/5.00Zertifizierter ShopZertifikat prüfenKäuferschutzbedingungenAlle Bewertungen Impressum Datenschutz–Minimierenmikrosat.de×KäuferschutzSie können sich nach dem Einkauf für die kostenlose Trusted Shops Mitgliedschaft Basic anmelden, inkl. Käuferschutz bis je 100 € für den aktuellen Einkauf sowie für Ihre weiteren Einkäufe in deutschen Shops mit dem Trusted Shops Gütesiegel.Mit Trusted Shops PLUS (inkl. Garantie) werden Ihre Einkäufe sogar bis je 20.000 € durch den Käuferschutz (inkl. Garantie) abgesichert, für 9,90 € pro Jahr inkl. MwSt. bei einer Mindestvertragslaufzeit von 1 Jahr. Die Absicherungsdauer des Käuferschutzes pro Einkauf beträgt in beiden Fällen 30 Tage.Es gelten die Mitgliedschafts- und Käuferschutzbedingungen.Zertifiziertseit 02.09.2014Käuferschutzbis zu 20.000 €×KundenbewertungenDie Note „Sehr gut“ berechnet sich aus den 141 Trusted Shops Bewertungen der letzten 12 Monate, die im Bewertungsprofil eingesehen werden können.229KundenbewertungenSehr gut4.87/5.0026.09.2017Systemblitz Montag bestellt, Mittwoch ausgeliefert.28.08.2017hat alles wie gewohnt sehr schnell ohne Problem geklappt.Nils S31.08.2017Kam sehr gut verpackt bei mir an. Die Qualität des Statives ist sehr gut. Hier stimmt Preis Leistung."
111,modellbau-amstetten.at," Startseite Angebot Kontakt Anfahrt Impressum Shop Login Artikel erfolgreich dem Warenkorb hinzugefügt. Weiter Einkaufen Zum Warenkorb Es muss eine Zahl eingetragen werden. Weiter Einkaufen Zum Warenkorb SO KOMMEN SIE INS GESCHÄFT! KONTAKTIEREN SIE MICH! Zum umfangreichen Sortiment ... Zum umfangreichen Sortiment ... ... gelangen Sie hier. Öffnungszeiten Montag bis Freitag 09.00 bis 12.00 Uhr 15.00 bis 18.00 Uhr Samstag 09.00 bis 12.00 Uhr Aigner Modellbau Graben 2 3300 Amstetten, Österreich 07472 24655 office@modellbau-amstetten.at Startseite Angebot Kontakt Anfahrt Impressum Shop Login Partner Wir freuen uns auf Ihre Kontaktaufnahme! Aigner Modellbau Graben 2 3300 Amstetten Tel.: 07472 24655 office@modellbau-amstetten.at Site Credits Konzept / Design / Programmierung REEM GmbH Bahnhofstraße 2 3300 Amstetten Austria Webseite www.reem.at E-Mail office@reem.at Telefon +43 7472 / 665 83 "
112,moho.info," Motorradurlaub mit MoHo - Motorrad Hotels NewsletterGutscheine DE ENNL HomeHotels & AngeboteHotels in ÖsterreichHotels in DeutschlandHotels in ItalienHotels in der SchweizHotels in KroatienDie 20 MoHo-GeboteBike & MoreGeprüfte QualitätUrlaub schenkenRegionenRegionen in ÖsterreichRegionen in DeutschlandRegionen in ItalienRegionen in der SchweizRegionen in KroatienTourenTouren in ÖsterreichTouren in DeutschlandTouren in ItalienTouren in der SchweizAusflugszieleGPS-Daten der HotelsMoHo PlusThe Testride CompanyMotorrad- & Autoreisezugfly, rail & drive 2 rideServiceKatalog & KontaktMotorrad NewsMotorrad EventsPartnerbetrieb werdenGPS-Daten der Hotels MoHo Service Dein perfekter Bike-Urlaub Hotels & Angebote MoHo Regionen Motorradtouren MoHo Plus MoHo Service Dein perfekter Bike-Urlaub Service Bike-Urlaub Hotels Regionen Touren MoHo Plus Hotels Regionen Touren MoHo Plus Service Bike-Urlaub Best Preis Garantie Wohin Land / Bundesland / Region Österreich Kärnten Niederösterreich Oberösterreich Salzburg Steiermark Tirol Vorarlberg Deutschland Bayern Italien Friaul - Veneto Südtirol - Dolomiten Trentino Schweiz Graubünden Kroatien Istrien Wann Jetzt finden Unsere Motorradhotels In den MoHo - Motorrad Hotels in Österreich, Italien, Deutschland und der Schweiz kannst du dich darauf verlassen, dass du und dein Motorrad optimal aufgehoben seid. Die 20 MoHo-Gebote Das Versprechen der MoHo - Motorrad Hotels: Geprüfte Qualität in allen Hotels. Bike Eldorado Alpen Die Motorrad Regionen in Österreich, Italien, Deutschland und der Schweiz werden allesamt den Ansprüchen der Motorradfahrer gerecht: Traumhafte Passstraßen, Kurven und Kehren ohne Ende sowie ein perfekt ausgearbeitetes Tourenprogramm lassen Biker-Herzen höher schlagen. Erstklassiger Motorradurlaub in den Alpen Deine Gastgeber in den MoHo - Motorrad Hotels sind in den schönsten Regionen der Alpen zu Hause und legen größten Wert auf eine hervorragende Ausstattung sowie persönliche Beratung. Sie kennen die besten Touren der Region, nützliche Geheimtipps und viele tolle Foto-Stopps. Bei MoHo lernst du nicht nur die Straßen, sondern auch die Menschen und Kulturen in Österreich, Deutschland, Italien und der Schweiz kennen. Geprüfte Qualität Klassifizierung in 3 MoHo-Kategorien Urlaub bei den Experten Kompetenz und persönliche Tourenberatung Echte Insider-Tipps Unsere Gas(t)geber sind deine top Ratgeber Hotel-TIPP der Woche Bio Landhotel Anna Motorradurlaub in Schlanders, Südtirol - Dolomiten. Das Landhotel Anna, ein von leidenschaftlichen Motorradfahrern geführtes Bikerhotel mit ganz persönlicher Atmosphäre. mehr Regions-TIPP der Woche Niederösterreich Landschaftliche Größe bedeutet in den meisten Fällen auch Vielfalt - vor allem beim größten Bundesland Österreichs. mehr 58 Gas(t)geber in 4 Ländern 218 Tourenvorschläge ab Hotel 1.000 Pässe & Bergstraßen Urlaubsgutschein Das perfekte Geschenk für alle Biker und jeden Anlass. Wertgutschein (ab € 30,00) zum selber gestalten und sofort ausdrucken. mehr Motorradurlaub in den MoHo Regionen Abwechslungsreiche Landschaften und Strecken für herrliche Motorradtouren. mehr 12 Neues MoHo-Mitglied: Berghof Brunner Miete dein Traumbike Motorrad- & Autoreisezug The Testride Company Unsere Gas(t)geber Wenn jemand weiß, worauf es beim Motorradurlaub ankommt, dann wohl unsere Gas(t)geber, die mit ihrer Ambition für Qualität und Kompetenz von Beginn an die Eckpfeiler unserer lebendigen Motorradkultur waren. Siegfried & Carmen Dilitz MoHo Gas(t)geber seit 2008 Bei uns im Haus herrscht Einigkeit und auch Aufgabenteilung. So haben wir vor Jahren zusammen unsere gemeinsame Leidenschaft zum Motorradfahren entdeckt. Deshalb profitieren unsere Biker-Gäste heute von der doppelten „Beratungspower“. zum Gas(t)geber Andi Starkmann MoHo Gas(t)geber seit 2006 Unsere Lage weit abseits der bekannten aber überlaufenen Bike-Reviere wird gerne als Geheimtipp gehandelt. Dabei bin ich selbst gar nicht so geheim. Als profunder Kenner unseres weitverzweigten Schotterwegenetzes beehren mich regelmäßig die Freunde des gepflegten Driftwinkels. zum Gas(t)geber Christian Reich MoHo Gas(t)geber seit 2004 Seit meinem 15. Lebensjahr bin ich mit dem 2-Rad-Virus infiziert. Zahlreiche Bikes waren seit dem in meinem Besitz. Von der Motocross über div. Supermotos bis hin zu dem einen oder anderen Ring-Gerät. Eine Heilung dieser Bike-Infektion ist noch nicht absehbar. zum Gas(t)geber Christine Engl MoHo Gas(t)geberin seit 1996 Auch ich war anno dazumal schon als MoHo-Gründungsmitglied mit von der Partie. Heute wie damals bin ich augenscheinlich für die Frauenquote in unserer Gruppe zuständig. Beim Bike greife ich aber vorzugsweise auf richtige Männermopeds zurück. zum Gas(t)geber Franz Türtscher MoHo Gas(t)geber seit 2004 Das Motorrad ist schon seit Jugendjahren meine große Leidenschaft. Egal ob bei meinen Touren auf den umliegenden Alpenpässen oder hie und da auf einer Rennstrecke. Diese langjährige Routine gebe ich in Sicherheitstrainings gerne auch an meine Gäste weiter. zum Gas(t)geber Albrecht Pichler MoHo Gas(t)geber seit 2008 Zusammen mit meinem Bruder Stefan und Cousin Erwin zelebriere ich in unserem Hotel die Bike-Kultur (mit und ohne Motor). Trotz eigenem Fuhrpark stehen bei uns nicht die Geräte im Vordergrund, sondern das Lebensgefühl auf zwei Rädern. zum Gas(t)geber Cristian Ludwig MoHo Gas(t)geber seit 2005 Ich zähle mittlerweile eher zur Fraktion der gemütlichen Biker, was ganz meinem Naturell entspricht. Sagen zumindest die anderen… Für alle, die es bei den geführten Touren gerne etwas flotter mögen als ich, steht immer unser Tourguide am Start. zum Gas(t)geber Elke & Kai Bürskens MoHo Gas(t)geber seit 2005 Ein Hotel ohne Biker-Gäste ist für uns nicht vorstellbar. Hier im Schönauer Hof dreht sich einfach alles ums Zweirad. Gemeinsam mit unseren Tour-Guides bieten wir geführte Touren in allen Schwierigkeitsgraden, in einer Vielzahl wie sonst nirgendwo. zum Gas(t)geber Christian Schmidt MoHo Gas(t)geber seit 1996 Neben dem Biken zählen die „MoHo - Motorrad Hotels“ zu meinen Leidenschaften. Vor über 20 Jahren war ich zusammen mit einigen Kollegen maßgeblich an deren Gründung beteiligt. Seit dem darf ich als Obmann fungieren und werde den Job auch nicht mehr los :-) zum Gas(t)geber Walter & Melanie Koidl MoHo Gas(t)geber seit 2014 Egal ob der Erzberg oder die „Romaniacs“, mein Revier befindet sich „off road“. Dafür ist meine Frau Melanie „on the road“ unterwegs, alleine und mit Gästen. Wen wundert es da, dass wir beide uns beim Motorradfahren kennengelernt haben. Geteilte Freude ist eben doppelte Freude. zum Gas(t)geber Mike Kröll MoHo Gas(t)geber seit 2009 Wer ein echter Zilltertaler ist, der heißt Kröll und kann Motorradfahren. Behaupte ich zumindest :) Wir haben so viele schöne Berge und unzählige Kurven vor unserer Haustüre, genug um sie mit unseren Gästen zu teilen. Was wir natürlich sehr gerne machen. zum Gas(t)geber Stefan Vitzthum MoHo Gas(t)geber seit 2004 Als guter Gas(t)geber muss ich ab und zu grausam zu meinen Gästen sein. Vor allem, wenn wir in aller Herrgottsfrühe zum Großglockner aufbrechen, um dort einen unvergesslichen Sonnenaufgang zu erleben. Danach wird mir aber regelmäßig verziehen. zum Gas(t)geber Günther Fresacher MoHo Gas(t)geber seit 1996 Als gelernter Mechaniker und begeisterter Biker stand für mich und meine Frau ziemlich früh fest, welche Gäste wir in unserem Haus begrüßen möchten. So schlossen wir uns mit ein paar Kollegen zur Gruppe „Vier Häuser für zwei Räder“ zusammen, aus der einige Jahre später - 1996 - MoHo hervorging. zum Gas(t)geber Stefan & Erich Vill MoHo Gas(t)geber seit 2014 Böse Zungen behaupten, uns wäre alles recht, was einen Sattel hat. Nur weil wir neben dem BMW Testride-Center auch noch einen Stall voller Pferde pflegen. Obwohl: beides hat mit Pferdestärken zu tun. Die junge Generation bevorzugt eindeutig die PS mit 2 Rädern. zum Gas(t)geber Christian Jäger MoHo Gas(t)geber seit 2005 ""Kurven und Genuss"" lautet das Motto, das ich gemeinsam mit meiner Frau Nadja für unser Landhotel auserkoren habe. Genau das ist es, was wir unseren Gästen täglich bieten wollen. Also rauf aufs Moped und ab nach Altenmarkt. zum Gas(t)geber Franz „Rocky“ Rockenschaub MoHo Gas(t)geber seit 1996 Mit missionarischem Eifer kann ich immer mehr Biker davon überzeugen, dass ausgedehnte Kurvenorgien nicht zwangsläufig hohe Berggipfel brauchen. Die Dichte an Kurvenlabyrinthen ist bei uns auf der Mühlviertler Alm unüberbietbar. zum Gas(t)geber Roland Schöpf MoHo Gas(t)geber seit 2016 Zu Hause hoch in den Bergen, direkt an der Timmelsjoch-Straße und immer eine Trial oder sonst ein Moped in der Garage. Was bleibt einem denn da anderes übrig als Motorrad zu fahren? Und seit wir nun noch ein traumhaftes Motorrad-Museum vor der Tür haben, gibt's auch für Gäste keine Wahl mehr :-) zum Gas(t)geber Andi Koller MoHo Gas(t)geber seit 2013 Wenn man direkt an einer Passstraße aufwächst, dann impfen einem die vorbeifahrenden Motorräder die Leidenschaft dafür förmlich ein. So war für mich von Anfang an klar: wenn ich den elterlichen Betrieb übernehme, dann sind die Biker-Gäste bei mir die Nr. 1. zum Gas(t)geber Johann Micheli MoHo Gas(t)geber seit 2015 Meine Leidenschaft gilt schon seit ich denken kann den Motorrädern. In meiner Jugend bin ich mit meinen Biker-Freunden unzählige Male die Mendelpass-Straße hinauf gekurvt oder für einen Cappuccino an den Gardasee gefahren. Wilde Zeiten, die ich nicht missen möchte. zum Gas(t)geber Andreas Falkensteiner MoHo Gas(t)geber seit 2016 Hier am Eingang zu den Dolomiten ist das Biken für uns Einheimische fast schon Pflicht. Aber was mir darüber hinaus noch sehr am Herzen liegt, ist die KUNST des Gastgebens. Sie ist mein Lebensinhalt, an dem sich nicht nur meine motorradfahrenden Gäste erfreuen. zum Gas(t)geber Kevin Pörnbacher MoHo Gas(t)geber seit 2015 „Forza Italia“ lautet meine Devise, wenn es um motorisierte Zweiräder geht. Mit 14 auf einer gelben Vespa angefangen, ist es jetzt meine Monster-Duc, mit der ich auf den vielen Dolomitenpässe vor unserer Haustüre „nach dem Rechten sehe“. zum Gas(t)geber Pietro De Infanti MoHo Gas(t)geber seit 2008 Obwohl meine „Bike Heydays“ bereits vorüber sind, schlägt mein Herz immer noch fürs Motorrad. Vor allem, weil unsere Region, das nördliche Friaul, eine immer noch geheime Kurvenhochburg ist. Wie die Dolomiten, nur ohne Verkehr. zum Gas(t)geber Sepp Tronsberg MoHo Gas(t)geber seit 2014 Die Freude, mein persönliches Interesse fürs Motorrad mit unseren Gästen zu teilen, hat mich dazu motiviert, die MoHo-Tourguide-Ausbildung zu absolvieren. So steht gemeinsamen Ausfahrten hier im Allgäu und im Dreiländereck nichts mehr im Wege. zum Gas(t)geber Martin Brabant MoHo Gas(t)geber seit 2010 Die heutige Jugend würde „hard core“ dazu sagen, was wir in ihrem Alter auf und mit unseren Bikes aufgeführt haben. Mittlerweile haben wir Fahrstil und Gerät unserer Altersklasse angepasst. „Zumindest fast“, sagen meine Gäste, wenn ich mit meiner Goldwing die Kurven des Gerlospass hinunter wedle. zum Gas(t)geber Daniele Acler MoHo Gas(t)geber seit 2008 Die Begeisterung für Zweiräder, egal ob motorisiert oder mit Muskelkraft betrieben, teile ich mit meinen 3 Brüdern. So war es letztendlich unausweichlich, dass wir uns vor Jahren mit unserem Haus den Gästen mit derselben Leidenschaft verschrieben haben. zum Gas(t)geber Willi Callies MoHo Gas(t)geber seit 2016 Es war nicht mein Hobby, das Pate für den Namen unseres Hotels stand. Das müsste dann nämlich „Bikerhof“ heißen. Trotzdem stehen unseren Gästen alle Annehmlichkeiten eines echten Motorradhotels zur Verfügung. Und das Jagen überlassen wir dem Senior-Chef. zum Gas(t)geber Toni Überbacher MoHo Gas(t)geber seit 2004 Mein persönliches Zweirad-Revier befindet sich abseits der Straßen, im Gelände. Familie und Hotel lassen mir zwar nicht allzu viel Zeit für mein Hobby, dafür tüftle ich schon an meinen Ferntouren, die ich unternehmen möchte, sobald meine Söhne den Betrieb eigenständig schaukeln. zum Gas(t)geber Martina Pichler MoHo Gas(t)geberin seit 2005 Auch wenn mich eine Knieverletzung dazu zwingt, die Pässe in den Dolomiten und rund um den Gardasee jetzt auf vier Rädern zu befahren, hat die Zweirad-Tradition in unserem Haus weiterhin Bestand! Die bevorzugten Fortbewegungsmittel von meinem Junior Andreas sind Trial & Motocross. zum Gas(t)geber Lukas Wallnöfer MoHo Gas(t)geber seit 2008 In jungen Jahren verbrachte ich einige Zeit in Amerika, da war eine Harley obligat. Hier in der Heimat, 10 Minuten vom Stilfserjoch ist man aber mit einer Enduro besser bedient. Mittlerweile widme ich meine knappe Freizeit neben dem Bike auch einem Oldtimer auf 4 Rädern. zum Gas(t)geber Stephan Calliari MoHo Gas(t)geber seit 2017 Ich fahre seit über 20 Jahren Motorrad und führe seit 2009 ein „bikerfriendly“ Hotel. Als begeisterter Motorrad- und Vespafahrer ist es mein Hobby, meinen Gästen die besten Touren zu erklären. Ich habe selbst richtig Freude daran, wenn meine Gäste dann abends zurückkommen und mir ganz begeistert von ihrer gelungenen Tour erzählen. zum Gas(t)geber Wolfgang Sommer MoHo Gas(t)geber seit 2013 Wenn man mich im Hotel als Pedalritter in der Rennrad-Montur antrifft, dann bin ich gerade meiner zweitliebsten Beschäftigung nachgegangen. Denn auf Platz 1 steht klar mein Motorrad. Damit lassen sich unzähligen Kurven und Touren rund um Füssen erst so richtig genießen. zum Gas(t)geber Kurt Resch MoHo Gas(t)geber seit 2004 Keim der Leidenschaft war, wie bei den meisten Italienern, eine Vespa. Auffrisiert natürlich! Damals durfte man bereits mit 14 offiziell Mopedfahren. Nach der kontinuierlichen Hubraumsteigerung über die Jahre, bin ich dann irgendwann bei einer der ersten Multistradas gelandet. zum Gas(t)geber Christof Roßmann MoHo Gas(t)geber seit 2014 Motorisierte Zweiräder haben seit meiner Jugend immer eine Rolle gespielt. Die größte jedoch damals, als ich auf einem der vielen Motorrad-Ausflüge nach Italien meine Frau Sandra kennen gelernt habe! Jetzt begrüßen wir gemeinsam unsere Biker-Gäste. zum Gas(t)geber Walter Teutsch MoHo Gas(t)geber seit 2014 Die Begeisterung zum Motorradfahren bekam ich von meinem Vater in die Wiege gelegt. Meine ersten Ausflüge als Kind, am Sozius seiner Motoguzzi 500, damals noch ohne Helm und auf kaum asphaltierten Straßen, sind mir heute noch in schöner Erinnerung. zum Gas(t)geber Karl Heinz Theiner MoHo Gas(t)geber seit 2013 Böse Zungen behaupten, der Bike-Virus hat mich nicht nur gestreift, sondern voll erwischt. Mit einem Ringmoped, einem Cruiser und einem Adventurebike in der Garage haben sie vielleicht sogar recht. Aber was soll man denn machen? Man braucht eben für jeden Zweck das passende Gerät. zum Gas(t)geber Thomas Voithofer MoHo Gas(t)geber seit 2016 Zu Hause in der Triumph-Hochburg „Newchurch“ steht bei mir natürlich auch eine obligate Britin in der Garage. Doch seit dem unser legendäres Biker-Treffen als „Club of Newchurch“ unabhängig wurde, mag ich alle Bikes gleichermaßen. Vor allem jene meiner Gäste :-) zum Gas(t)geber Markus Gämperli MoHo Gas(t)geber seit 2012 Gäbe es gegen den Bike-Virus aus Milwaukee/USA eine Impfung, ich würde sie verweigern. Obwohl: mit 3 Mopeds im Stall sollte man zumindest mal darüber nachdenken. Auf der anderen Seite ist der Stall, sprich die Garage so groß, dass selbst die Gäste-Bikes noch genug Platz haben. zum Gas(t)geber Karin Vötter MoHo Gas(t)geber seit 2008 Wenn der Papa 150 Oldtimer, darunter viele Motorräder, in einem eigenen Museum im Hotelkeller stehen hat, dann erklärt sich vieles von selbst. Zumindest meine Vorliebe für fahrende Untersätze, egal wie viele Räder daran befestigt sind. Hauptsache es gibt etwas zum Gasgeben. zum Gas(t)geber Immer gut informiert mit dem monatlichen Newsletter der MoHo - Motorrad Hotels abonnieren Hotels Österreich Deutschland Italien Schweiz Regionen Österreich Deutschland Italien Schweiz Service Gutscheine Bike & More Katalog bestellen Newsletter © 2017 MTS Austria GmbH Partnerbetrieb werdenImpressumSitemap Indem Sie ohne Veränderungen Ihrer Standard-Browser-Einstellung weiterhin diese Seite besuchen, erklären Sie sich mit unserer Verwendung von Cookies einverstanden. "
113,moorings.de," Private Yachtcharter und Premium Segelurlaub | The Moorings Direkt zum Inhalt Sprechen Sie mit einem Experten +49 (0)6101 55 791 522 Mo bis Fr: 08:30Uhr-18:00Uhr Sprechen Sie mit einem Experten +49 (0)6101 55 791 522 Mo bis Fr: 08:30Uhr-18:00Uhr HauptmenüStartseite Charter-Optionen Destinationen Yachten Charter Guide Yachteigner Suchen Call: +49 (0)6101 55 791 522 Mo bis Fr: 08:30Uhr-18:00Uhr Online Angebot Art der Charter Alle CharterSegelyachtcharter (20)Motoryachtcharter (13)Crewed Yacht Charter (14) Destinationen Alle DestinationenKaribik (16)- Antigua (1)- St. Thomas (1)- St. Martin (2)- St. Lucia (3)- Britische Jungferninseln (BVI) (3)- Grenada (3)- Puerto Rico (3)Amerika (8)- Bahamas (6)- Belize (2)Mittelmeer (14)- Italien (4)- Griechenland (5)- Kroatien (3)- Spanien (2)Südpazifik (3)- Tahiti & Französisch-Polynesien (2)- Tonga (1)Indischer Ozean (3)- Seychellen (3)Südostasien (3)- Thailand (3) Abfahrt Alle TermineDezember 2017 (17)Januar 2018 (29)Februar 2018 (28)März 2018 (36)April 2018 (44)Mai 2018 (44)Juni 2018 (43)Juli 2018 (43)August 2018 (43)September 2018 (42)Oktober 2018 (42)November 2018 (33)Dezember 2018 (31)Januar 2019 (27)Februar 2019 (27)März 2019 (32)April 2019 (33)Mai 2019 (33)Juni 2019 (18) Nächte Alle5 Nächte (33)6 Nächte (35)7 Nächte (47)8 Nächte (34)9 Nächte (33)10 Nächte (31)14 Nächte (45) Personenanzahl -+ Zuletzt gesucht NEUER KATALOG 2018Neue Yachten, neue Routen & mehrJetzt bestellen1234NEUER KATALOG 2018Neue Yachten, neue Routen & mehrJetzt bestellenLieblingsdestinationenThailand, Seychellen und SpanienJetzt 10% sparenNeue Destination: Entdecken Sie die Exumas!Mehr erfahrenMotoryachtcharterin Kroatien 10% RabattJetzt sparen Ein unvergessliches Yachtcharter ErlebnisSegelyachtcharterHervorragendes Segeln, ausgezeichneter Komfort, unvergessliche Momente - Yacht mieten und mehr erleben. MotoryachtcharterMehr sehen und erleben, dank unvergleichlicher Performance auf dem Wasser. Crewed Yacht CharterMit persönlichem Skipper und Koch entspannt den schönsten Segelurlaub Ihres Lebens genießen. Yachtcharter mit SkipperSie sind noch nie gechartert? Überlassen Sie das Steuer einem professionellen Skipper.Die beeindruckendsten Gewässer weltweitBahamas Traumdestination Bahamas Raus aus dem Alltag, rein in den Traumurlaub! MittelmeerKaribikAmerikaSüdpazifikIndischer OzeanSüdostasienAlle DestinationenEine exklusive Flotte preisgekrönter YachtenSegelyachtcharter Moorings 4800 Preisgekrönte Yacht SegelyachtenKatamaraneThe Moorings ist das einzige Charterunternehmen, das die preisgekrönten Katamarane von Robertson & Caine anbietet. MonohullsKlassisch veredelt und zeitgemäß ausgestattet entsprechen die Einrumpfboote von The Moorings dem höchsten Standard für Performance und Komfort. MotoryachtenMotorkatamaranemit den neuesten Motorkatamaranen von Robertson & Caine sehen und erleben Sie mehr im Urlaub. Über The MooringsDie Welt des Wassers wartet darauf, von Ihnen entdeckt zu werden. Captain TreueprogrammAls Treuekunden profitieren Sie von exklusiven Vorteilen. BOOTE Cat Experience Tour Katamarantraining für Motorbootfans mit BOOTE Chefredakteur Torsten Moench und Redaktionsteam Noch nie gechartert?Erfahren Sie hier, wie einen Charterurlaub mit The Moorings funktioniert. SparangeboteAlle Sonderangebote >10% auf Lieblingsdestinationen >Motoryachtcharter Kroatien >Motoryachtcharter 10% sparen >Karibik entdecken und sparen >KatalogBestellen Sie Ihren The Moorings Katalog 2018! BestellenE-NewsletterVerpassen Sie keine Neuigkeiten und aktuelle Angebote. AnmeldenThe Moorings Mainsheet Top Neuigkeiten in der aktuellen Mainsheet-Ausgabe. Zur Online-Version Kontakt KontaktKatalog bestellenE-Newsletter bestellen Hilfe & Service FAQVersicherungProviantbestellserviceCharter GuideWassersportCaptain-Treueprogramm Produkte SegelyachtcharterMotoryachtcharterYachtcharter mit SkipperCrewed Yacht CharterRegatten Rechtliches BuchungsbedingungenNutzungsbedingungenCookie-EinstellungenDatenschutzImpressum Firmeninformationen KarriereÜber The MooringsNeuigkeiten & PressemitteilungenVerantwortungsvoller TourismusReisehinweise nach Irma Folge uns Facebook Ihr Urlaub ist in sicheren Händen ©2016 The MooringsAlle Rechte vorbehalten. Mobile menuStartseite Charter-Optionen Destinationen Yachten Charter Guide Yachteigner Mein Moorings Suchen "
114,motorradbekleidung.de," Motorradbekleidung.de Es wurde festgestellt, dass Cookies in Ihrem Browser deaktiviert sind. Um Motorradbekleidung.de in vollem Umfang nutzen zu können, empfehlen wir Ihnen, Cookies in Ihrem Browser zu aktiveren. Um Motorradbekleidung.de in vollem Umfang nutzen zu können, empfehlen wir Ihnen Javascript in Ihrem Browser zu aktiveren. Der Marken-Fachhändler fur sicheres Biker-Outfit, Helme und Zubehör € EUR $ USD € EUR Service/Hilfe Hilfe / Support Über uns Kontakt Versand und Zahlung AGB Widerrufsrecht Datenschutz Impressum Menü Newsletter abonnieren +49 07720 95 68 66 Suchen Suchen Mein Konto Warenkorb 0 0,00 € * HomeHelmeBekleidungKevlarjeansDamen BekleidungMotorradstiefelMotocrossFilialenMarken Zur Kategorie Helme Integralhelme Klapphelme Jethelme / Police-Helme Cross / Enduro Helme Helm-Kommunikation-Cams Visiere Sturmhauben/Halswärmer Mountainbike Helme Motorradhelme Motorradhelme Das wichtigste Kriterium beim Kauf eines Motorradhelms - egal, um welche Art es sich handelt -, ist die Passform. Ein zu kleiner Motorradhelm ist nicht nur unangenehm zu tragen, sondern vermindert durch Druckgefühle und... mehr erfahren Zur Kategorie Bekleidung Textilbekleidung Lederbekleidung Protektoren Kinder Motorradhandschuhe Funktionsunterwäsche Regenbekleidung Warnwesten Freizeitbekleidung Motorradbekleidung Zur Kategorie Kevlarjeans Zur Kategorie Damen Bekleidung Damen Lederkombi Damen Lederjacken und Hosen Damen Textiljacken und Hosen Damen Stiefel Damen Handschuhe Protektoren Damenbekleidung Damen Motorradbekleidung Jacken - Lederkombis - Stiefel - Protektoren mehr erfahren Zur Kategorie Motorradstiefel Stiefel Gore-Tex Stiefel Wasserdicht Stiefel nicht Wasserdicht Cross/Enduro Stiefel Motorradstiefel Ob Dainese Motorradstiefel , Büse Motorradschuhe oder Kochmann Biker Boots - in unserem Shop gibt es alles, was Motorradfans für einen stilsicheren Auftritt benötigen. Hochwertige, bequeme Motorradstiefel sorgen für... mehr erfahren Zur Kategorie Motocross Brustpanzer/Protektoren Cross-Shirts Cross und Enduro Hosen Handschuhe Cross/Enduro Stiefel Genickschutz Cross/ Enduro Brillen Ersatzteile und Innenfutter Helme Motocross/Enduro Motocross Helm MX Egal ob Motocrosshelm, Cross Shirt, Handschuhe, Endurostiefel wir haben für Sie die passende MX Bekleidung für den Motocrossbereich. Auch in Sachen Cross Protektoren sind wir für Sie gut aufgestellt. Sei... mehr erfahren Zur Kategorie Filialen Zur Kategorie Marken  Menü schließen € EUR $ USD € EUR Kategorien Helme Bekleidung Kevlarjeans Damen Bekleidung Motorradstiefel Motocross Nierengurt Motorrad-/Sonnenbrillen Angebote Filialen Pflege Gepäck und Zubehör Geschenkartikel Monster Energy Marken Informationen Hilfe / Support Über uns Kontakt Versand und Zahlung AGB Widerrufsrecht Datenschutz Impressum Zahlen Sie bei uns bequem und einfach mit 1 2 3 4 Alpinestars Kollektion 2018 NEU! Alpinestars NUCLEON KR-CELL 99,95 € * NEU! Alpinestars NUCLEON KR-3 2018 189,95 € * NEU! Alpinestars BIONIC ACTION Jacke 2018 149,95 € * NEU! Alpinestars ATEM V3 Lederjacke 599,95 € * NEU! Alpinestars ATEM V3 Lederkombi 1 PC 1.199,95 € * NEU! Alpinestars ATEM V3 Lederkombi 2 PC 999,95 € * NEU! Alpinestars GP PLUS V2 Lederkombi 1PC Herren 999,95 € * NEU! Alpinestars SEKTOR TECH HOODIE 229,95 € * Alpinestars PATRON GORE-TEX Hose ab 215,96 € * 269,95 € * NEU! Alpinestars FUJI Lederjacke 499,95 € * NEU! Alpinestars SUPERTECH R Stiefel 429,95 € * NEU! Alpinestars SMX PLUS Stiefel 339,95 € * Alpinestars Tech Air Tourenjacken NEU! Alpinestars BRADFORD GORE-TEX OVERCOAT - TECH... 499,95 € * NEU! Alpinestars BIG SUR GORE-TEX PRO Jacke - TECH... 999,95 € * NEU! Alpinestars TECH-AIR VALPARAISO Drystar Jacke 649,95 € * Alpinestars Tech Air Lederkombis und Lederjacken Alpinestars GP PRO 1PC SUIT TECH AIR BAG... ab 1.299,95 € * NEU! Alpinestars MISSILE Lederkombi 1 PC - TECH AIR... 899,95 € * NEU! Alpinestars GP PRO 1PC SUIT TECH AIR BAG... 1.299,95 € * NEU! Alpinestars GP TECH V2 1PC SUIT TECH AIR... 1.799,95 € * NEU! Alpinestars GP TECH V2 Lederjacke TECH AIR... 799,95 € * NEU! Alpinestars CHARLIE Lederjacke - TECH AIR... 599,95 € * NEU! Alpinestars MISSILE Lederjacke - TECH AIR... 499,95 € * Deal des Tages TIPP! Alpinestars DURBAN GORE-TEX JACKET ab 479,00 € * 649,95 € * Alpinestars AMOK AIR DRYSTAR JACKET ab 239,95 € * 299,95 € * Alpinestars Supertech R MOTO GP - AUSTIN -... 299,00 € * 449,95 € * Alpinestars Supertech R Mach 1 Limited Edition... 299,00 € * 449,95 € * Alpinestars MOTEGI V2 2PC Lederkombi 2017 849,95 € * Alpinestars SMX-6 V2 Stiefel 2017 ab 215,90 € * 239,00 € * Alpinestars RAIDER DRYSTAR Hose ab 249,95 € * Alpinestars Fox V1 Race Schuberth C3 Fox 360 CREO Schuberth C3 Dainese Super Fox 180 RACE Bikerkalender Fox V1 Race Fox Titan Sport Alpinestars Bandit Jet Helm Schuberth S2 Schuberth S2 X-Lite X-1003 Held Fame II Fox 180 RACE Büse Hoody Der neue Shoei Neotec Alpinestars Daytona Road Fox INSTINCT MX Fox Kaos Fox DIRTPAW Schuberth C3 Held Harvey 76 Schuberth C4 Geschenkgutsche Tech 3 Monster Fox V2 Race Held Chace Fox 360 CREO Fox V2 Union Fox COMP 8 BOOT Held SEVEN T - Schuberth C3 Alpinestars GP Alpinestars Shoei NXR Dainese T. AVRO Dainese Racing Schuberth S2 Fox COMP 5 BOOT Held Hakuna II Shoei J.O Service/Hilfe Größentabelle Alpinestars Büse Dainese Held Newsletter Kontakt Rückgabe Partnerprogramm Impressum Informationen Bonuspunkte Imagefilm Motorrad-Ecke kostenloser UNFALLSCHUTZ Über uns Messen Philosophie Stellenangebote Versand und Zahlung AGB Widerrufsrecht Datenschutz Sitemap Sicher Einkaufen Wir versenden mit Fragen? Wir sind für euch da +49 07720 95 68 66Mo, Mi & Fr: 10-17 Uhr * Alle Preise inkl. gesetzl. Mehrwertsteuer zzgl. Versandkosten und ggf. Nachnahmegebühren, wenn nicht anders beschrieben Hilfe / Support Über uns Kontakt Versand und Zahlung AGB Widerrufsrecht Datenschutz Impressum Realisiert mit Shopware "
115,mountainstar.info," Österreich - Skiurlaub & Winterurlaub Angebote 2016 / 2017 günstig buchen - Hotel eintragen An-/Abmeldung Winterurlaub & Skiurlaub HIGHLIGHTS Winterurlaub & Skiurlaub in den Alpen Österreichs. Buchen Sie jetzt Ihren Skiurlaub & Winterurlaub 2017 / 2018 in den schönsten Alpenhotels in Österreich. HomePauschalangebote »SkiurlaubWeihnachten & Silvester UrlaubWinterurlaubAdventure & ActionWandern & BergsteigenGolf UrlaubSport & Mountainbike UrlaubUrlaub Fischen & AngelnReiten & Pferde UrlaubRomantik UrlaubUrlaub am SeeWellnessurlaubUrlaub mit RollstuhlFamilienurlaubSingle UrlaubUrlaub mit BabyUrlaub mit HundGourmet & GenußLuxus UrlaubUrlaub & EventsCity & SightseeingKunst & KulturUrlaub & AllerleiSkigebiete Übersicht »Skigebiete Übersicht ÖsterreichTOP-Skigebiete in ÖsterreichFamilienskigebiete in ÖsterreichAprès-Ski Skigebiete in ÖsterreichGletscherskigebiete in ÖsterreichDie schneesichersten Skigebiete in ÖsterreichHotelsFerienwohnungenKurzurlaub »SkiurlaubWinterurlaubAdventure & ActionWandern & BergsteigenGolfurlaubMountainbike & Sport UrlaubUrlaub Fischen & AngelnReiten & Pferde UrlaubRomantik UrlaubUrlaub am SeeWellnessurlaubUrlaub mit RollstuhlFamilienurlaubSingle UrlaubUrlaub mit BabyUrlaub mit HundGourmet & GenussLuxusurlaubUrlaub & EventsCity & SightseeingKunst & KulturUrlaub & AllerleiLast Minute ÖsterreichTirolVorarlbergSalzburgSteiermarkKärntenOberösterreichNiederösterreichBurgenland DIE SCHÖNSTEN HOTELS & PAUSCHALANGEBOTE BUCHENHotels in Österreich Pauschalangebote Österreich Last Minute Hotels & Unterkünfte in Österreich Alpenhotel Fernau Hotel Steiger Hotel zum Stern Hotel Tirolerhof Hotel eva,VILLAGE Hotel Alpetta Hotel St. Georg zum See Gartenhotel Rosenhof bei Kitzbühel STOCK***** resort Hotel Garni Forelle Aktiv- und Wellnesshotel Stubaierhof Hotel Seespitz Hotel Neue Post Hotel Kindl Grand Hotel Lienz Aktiv & Spa Hotel Alpenrose Hotel Sonnleiten Alpenbad Hotel Hohenhaus Wellnesshotel Bergland Posthotel Kassl Alle Hotels in Österreich SKIGEBIETE IN ÖSTERREICH Gletscherskigebiete - Schneesichere Skigebiete - TopSkigebiete - FamilienskigebieteJETZT AKTUELL FÜR 2017/18:Winterurlaub Angebote Skiurlaub AngeboteBuchen Sie schon jetzt Ihren Winterurlaub oder Skiurlaub im Winter 2017/2018 (meist mit Skipass) in den Alpen Österreichs. Auf MountainStar können Sie Ihren Skiurlaub je nach Hotel um diverse Hotelleistungen erweitern, ganz nach Ihren Wünschen. Verschaffen Sie sich jetzt schon einen Überblick über das passende Skigebiet Ihrer Wahl. Auf der Skigebiet Übersicht von MountainStar finden Sie alle relevanten Österreichischen Skigebiete mit vielen Zusatzinfos z.B. zu Apres-Ski, Skihütten, Pisten und Liftinfos etc.. und natürlich die schönsten Bilder dazu. Für ganz Skihungrige gibt es natürlich das ganze Jahr die Möglichkeit, einen Skiurlaub zu genießen. Zum Überblick der Gletscherskigebiete in Österreich Skigebiete nach Ländern: Skigebiete Tirol Skigebiete Salzburg Skigebiete Vorarlberg Skigebiete Kärnten Skigebiete Oberösterreich Skigebiete SteiermarkSkigebiete in Österreich nach Themen:Skigebiete in Österreich TOP-Skigebiete in Österreich Familienskigebiete in Österreich Après-Ski Skigebiete in Österreich Gletscherskigebiete in Österreich Die schneesichersten Skigebiete in Österreich Partner: www.grandhotel-lienz.com Newsletter ++ Bookmarks ++ WeiterempfehlenNewsletter ++ Bookmarks ++ Weiterempfehlen Abonnieren Sie unseren Newsletter. SPORT - URLAUB Skiurlaub Winterurlaub Adventure & Action Wandern & Bergsteigen Golf Urlaub Mountainbike & Sport Urlaub Urlaub Fischen & Angeln Reiten & Pferde Urlaub WOHLFÜHL - URLAUB Romantik Urlaub Urlaub am See Wellnessurlaub Urlaub mit Rollstuhl FAMILIEN & SINGLE URLAUB Familienurlaub Single Urlaub Urlaub mit Baby Urlaub mit Hund KULINARIK & LUXUS Gourmet & Genuß Luxus Urlaub EVENT & SIGHTSEEING Urlaub & Events City & Sightseeing Kunst & Kultur Urlaub & Allerlei Premiumpartner:www.grandhotel-lienz.com Über MountainStarPresseWerben auf MountainStarFeedbackSitemapImpressumNutzungsbedingungen Für UnterkünfteHotel eintragenHotel LoginMountainStar Hotel AGB Für GästeAGBVorteileLuxus WellnesshotelsFerienhaus Menorca direkt am Strand Weitere Angebote von MountainStar:Schmuck Shop Trilou-Bijou.at © 2012-2017 by www.MountainStar.info - MountainStar Thomas Pakfeifer GmbH - 6020 Innsbruck Tirol - Österreich Österreich - Skiurlaub & Winterurlaub Angebote 2016 / 2017 günstig buchen - © 2012-2017 by www.MountainStar.info Lieber Gast, um MountainStar zu benutzen, aktivieren Sie bitte JavaScript in Ihren Browsereinstellungen. Buchen Sie Ihre Pauschale online direkt beim Hotel. www.MountainStar.info, Urlaub am Höhepunkt online buchen "
116,nec-store.de," NEC-Store VerstandenNEC-Store.de verwendet Cookies für ein modernes, bequemes Onlineshopping-Erlebnis. Durch das Verwenden dieser Seite akzeptieren Sie die Cookie-Nutzung. Mehr Informationen…Cookie Consent plugin for the EU cookie law Um NEC-Store in vollem Umfang nutzen zu können, empfehlen wir Ihnen Javascript in Ihrem Browser zu aktiveren. Mo-Fr, 8:00 - 17:00 06151 - 9502 0 vertrieb@nec-store.de Service/Hilfe Impressum AGB Datenschutz Wie bestelle ich? Menü Suchen Suchen Mein Konto Warenkorb 0 0,00 € * HomeSmart ITVisual SolutionsUnified Communications Zur Kategorie Smart IT Konfigurierbare Server- und Storagesysteme Tower Server Rackserver Blade Server Modular Server Fault Tolerant Server Enterprise Server Storagesysteme Standard Server & Storage Server Storage Komponenten Fault Tolerant & Enterprise Server FT Server A-Series Enterprise Server HYDRAstor Software Solutions NEC Virtual PC Center NEC ExpressCluster Administration Cloud Virtualisierung Betriebssysteme Storage Software ITPS-Bundles Facial Recognition Server mit NeoFace TK-Server mit UNIVERGE 3C SAP HANA Appliances Linuxserver Hybridpost Zur Kategorie Visual Solutions SONDERANGEBOTE Displays Desktop Displays Large Format Displays Farbechte Monitore Videowände Medizindisplays Indoor LED Module Projektoren Mobile Projektoren Laserprojektoren Desktop-Projektoren Professional Projektoren Installationsprojektoren Kurzdistanz-Projektoren Interaktive Whiteboard Kits Digital Cinema Projektoren NEC & Brandschutz Intelligent Signage Display Solutions Software NEC NeoFace digitales Whiteboard Videowand-Software Digital Signage Player Zubehör Zubehör für Desktop Displays Zubehör für Large Format Displays Zubehör für Projektoren Zur Kategorie Unified Communications Unified Communications Hier erscheinen bald Artikel aus dem Bereich Unified Communications. mehr erfahren  Menü schließen Kategorien Smart IT Visual Solutions Unified Communications Informationen Impressum AGB Datenschutz Wie bestelle ich? Service Hotline Telefonische Beratung unter: 06151 - 9502 0 Mo-Fr, 8:00 - 17:00 vertrieb@nec-store.de Shop Service Newsletter Partnerprogramm Wie bestelle ich? Informationen Impressum AGB Datenschutz Newsletter Abonnieren Sie den kostenlosen NEC-Store Newsletter und verpassen Sie keine Neuigkeit oder Aktion mehr. Interessengebiete: NECDIS Allgemein NEC Smart IT NEC Visual Solutions * Alle Preise verstehen sich zzgl. Mehrwertsteuer und Versandkosten und ggf. Nachnahmegebühren, wenn nicht anders beschrieben NECDIS GmbH, Robert-Koch-Straße 9, D-64331 Weiterstadt Impressum AGB Datenschutz Wie bestelle ich? "
117,netservice24.de," NetService24 GmbH: Domains / Co-Location / DSL-Zugänge NetService24 GmbH - Ihr kompetenter Internet Service Provider Unsere Geschäftsbereiche www.paxango.de Premiumpartner für Business-Hosting Domains schnell und preiswert online Registrieren NetService24 ist Mitglied der deutschen Registrierungsstelle DENIC, offizieller Registrar der europäischen Domainvergabestelle EURid sowie der österreichischen Domainvergabestelle nic.at. Wir wurden ausgezeichnet mit dem »Trusted Shops« Zertifikat für sicheres und verbraucherfreundliches Einkaufen im Internet. © Copyright 2004-2017 NetService24 GmbH. Rechtliche Hinweise und Impressum "
118,nice-cocktails.de," Nice Cocktails - Cocktails mixen und genießen Herzlich Willkommen bei www.nice-cocktails.de !!! Karibik - weißer Strand - tiefblaues Meer - Palmen schwanken im Wind - angenehme 26°C im Schatten - der Blick schweift über die bezaubernde Landschaft - da entdeckt man eine Strandbar - der Barkeeper schenkt exotische Cocktails aus - sie locken mit ihren wunderbaren Farben - ein tropischer Genuss - wie in einem süßem Traum. Cocktails faszinieren und begeistern zugleich. Ist man einmal auf den Geschmack gekommen, möchte man den ein oder anderen Drink gleich selbst ausprobieren. Auf dieser Homepage finden Sie eine umfangreiche Sammlung der besten Cocktails mit und ohne Alkohol. [direkt zu den Cocktails] Jetzt Mixen lernen wie die Profis !Farbige Cocktails zaubern, schmackhafte Drinks servieren und bei Freunden Eindruck schinden, das steht all denen offen, die sich jetzt für den kostenlosen nice-cocktails Online-Mixkurs entscheiden. Innerhalb von 5 Kurseinheiten gibt unser Autor in einem erfrischenden Cocktail-Seminar sein Wissen preis. Lernen Sie Barzubehör zu benutzen, erfahren Sie mehr über Gläser, Cocktailarten und den Fachjargon. [jetzt zum nice-cocktails Mixkurs] Cocktailsuche (Cocktails suchen, Cocktails finden):Oftmals hat man im Urlaub einen super Cocktail in einer Bar getrunken. Nun möchte man dieses Getränk auch zu Hause genießen. Aber wo findet man nun das passende Rezept? Auf Wunsch unserer User haben wir nun eine Suche erstellt, die sowohl nach Namen, als auch nach den Zutaten sucht. [zu unserer Cocktailsuche] Zutat des Monats: Licor 43 (Cuarenta y tres)ideal für Cocktails >> Details >> Online-bestellen Neue Artikel: Caipirinha-Set von Pitu - mit Stößel, Glas und Cachaca Das Einkaufen von Spirituosen im Internet kann sich lohnen, wenn man weiß wo. Ready-to-drink, versprechen uns die Premix-Hersteller, was Rigo & Co. wirklich taugen ! Mixkurs: Damit die ersten Versuche einen Drink zu mixen nicht zum Frust werden, bietet nice-cocktails den ultimativen Mixkurs. Home - Suche - Rezepte - Zutaten - Mixen - Links - Impressum Copyright www.spirituosenworld.de www.whiskyplanet.de Spirituosen Infos "
119,noblego.de," Zigarren-Shop Noblego - Zigarren, Tabak, Humidore kaufen Sehr gut4.81/5.00Zertifiziert seit 22.06.2012×Zertifizierter Shop JavaScript scheint in Ihrem Browser deaktiviert zu sein. Sie müssen JavaScript in Ihrem Browser aktivieren, um alle Funktionen in diesem Shop nutzen zu können. Telefonisch bestellen? 030 - 30 36 47 29 | service@noblego.de Über uns Newsletter-Anmeldung Kontakt Anmelden Zigarren-Shop Noblego Rabatt auf ganze Kisten Kostenloser Versand ab 60,-€ Zum Warenkorb 0,00 € 0 Zigarren Herkunft Kubanische Zigarren Dominikanische Rep. Nicaragua Honduras Panama Alle Länder > Stärke Sehr Mild Mild Medium Stark Für Einsteiger Milde Zigarren Probiersets Zum Verschenken Tolle 1er-Kisten Sampler-Boxen Sortiert nach Preisen 0,00 € - 5,00 € 5,00 € - 10,00 € 10,00 € - 15,00 € 15,00 € - 25,00 € 25,00 € - 50,00 € Ausgewählte Marken Cohiba Montecristo Romeo y Julieta Guantanamera Dannemann Mustique Blue Alle Marken > Nach Format Belicoso Churchill Corona Double Perfecto Demi Tasse Panetela Robusto Torpedo Zigarillos Filter-Zigarillos Alle Formate > Pfeifen & Tabak Pfeifen Vauen Pfeifen Rattrays Pfeifen Savinelli Pfeifen Alle Pfeifen Pfeifentabak-Marken Dunhill Mac Baren Ashton Stanwell Samuel Gawith W.O.Larsen Alle Pfeifentabake > Schnitt Loose Cut Mixture Flake Cut Aromatisiert Kirsche Vanille Honig Rum exotische Früchte schwarze Johannisbeere Schokolade Kautabak Oliver Twist Grimm & Triepel Alle Kautabak Marken Schnupftabak Pöschl Preis 0,00 € - 5,00 € 5,00 € - 10,00 € 10,00 € - 15,00 € 15,00 € - 20,00 € 25,00 € - 30,00 € Accessoires Zigarren-Cutter 1 Klinge 2 Klingen V-Cutter Zigarren-Bohrer Zigarrenschere Alle Cutter > Pfeifenaccessoires Pfeifenbesteck Pfeifenfilter Pfeifenreiniger Gehäusefarbe Schwarz Gunmetal Chrom Rot Alle Accessoires > Etuis Zigarrenetuis Pfeifenetuis Tabakbeutel Feuerzeuge 1er Jet-Flame 2er Jet-Flame 3er Jet-Flame Alle Feuerzeuge > Aschenbecher Zigarrenaschenbecher Taschenaschenbecher Alle Aschenbecher > Humidore Tischhumidore Humidor-Sets Reisehumidore Alle Humidore > Humidoraccessoires Hygrometer Befeuchter Flüssigkeit Geschenkideen Zigarren in Kisten Zigarren-Sampler Einzeln in Holzkiste Aus ökologischem Anbau Fair Trade Zigarren Ausgewählte Zigarren Premium-Zigarren Zigarren im Glas-Tubo Exklusive Marken Cohiba - Die Königin Kubas Lamborghini - Edles Zubehör Zino Platinum - Das Beste von Davidoff Geschenkgutscheine 10 Euro 20 Euro 50 Euro 100 Euro Edle und ausgefallene Cutter Cutter & Feuer Kombos Bohrer & Feuer Kombos Cutter aus Titanstahl Cutter mit Edelholz Suche: Noblego - Zigarren, Zigarillos, Tabak und Humidore kaufen Beliebteste Marken Arturo Fuente Ashton Balmoral Cohiba Dannemann Moods Davidoff Flor de Selva Griffins Hoyo de Monterrey Jose L. Piedra Montecristo Oliva Partagas Punch Rocky Patel Romeo y Julieta Vega Fina Villa Zamorano ... mehr Marken Beliebteste Länder Kuba Dominikanische Rep. Nicaragua Honduras Tipp des Monats: AVO Syncro Nicaragua Toro Tubo Die eindrucksvolle AVO Syncro Nicaragua Toro ist eine begeisternde Boxpressed Zigarre mit aufregend komplexen Aromen, feiner Würze und dezenter Süße. Die mittelkräftige Schönheit aus der Dominikanischen Republik kommt dazu noch in einem preisverdächtig gestalteten Aluminium-Tubo zu Ihnen nach Hause! Hier klicken > Fokus auf 100% Zufriedenheit - mit Aromapack inkl. Zedernholz Wir möchten Sie zu 100% zufrieden sehen und geben uns daher einfach ein bisschen mehr Mühe: Kostenloser Versand ab 60€ - immer im Aromapack mit Zedernholz, professioneller Kundenservice, große Auswahl, möglichst kurze Versandzeiten uvm. Dazu gilt unser 100% Versprechen: Sollte Ihnen etwas nicht gefallen, versuchen wir alles Mögliche, um Sie glücklich zu sehen - oder es gibt das Geld zurück! Erfahren Sie mehr > Top-Marken bei Noblego.de Alle Marken ansehen > Noblego-Bestseller Ultraboutique Prime Cuts - Die Steak-Zigarre cenicero Summer Edition 2017 cenicero NICA 17-S Papas Belgas Villa Zamorano Robusto Plasencia Alma Fuerte Generation V Salomon 7x58 Brun del Ré Gold Churchill Zigarren, Zigarillos, Pfeifen, Tabak, Humidore und vieles mehr - jetzt bei Noblego.de kaufen! Sie sind Aficionado und auf der Suche nach Ihren Lieblingszigarren von Cohiba, Montecristo oder Romeo y Julieta? Sie sind Einsteiger und möchten die Welt der edlen Genussmittel kennenlernen? Auch dafür bieten wir die passenden Produkte wie z.B. milde Zigarren für den Neuling, die sich perfekt für den Einstieg ins Zigarrerauchen eignen. Marken wie Griffins oder Don Diego produzieren milde, aber trotzdem aromatische Zigarren, diese sind genau das Richtige für den Anfänger. Oder sind Sie eher an Zigarillos interessiert? Wir bieten Ihnen auch eine große Auswahl an Zigarillos egal ob handgemacht, aromatisiert oder Shortfiller-Zigarillos. Ganz gleich wofür Sie sich interessieren, seien es begleitende Getränke, Pfeifen, Humidore oder Zubehör für den Raucherbedarf, bei Noblego.de kaufen Sie günstig hohe Qualität. Wir garantieren einwandfreie Ware, einen schnellen Versand und bieten Ihnen gerne eine kostenlose Beratung per Telefon an, wenn Sie sich unschlüssig sind, welche Zigarre zu welchem Wein passt, oder welche Pfeife für gemütliche Abende im Herrenzimmer die Richtige für Sie ist. Unser Online Shop bietet auch eine breite Auswahl an Zubehör an: Zum Zigarre anschneiden, Pfeife stopfen oder Lagern Ihrer edlen Tabakwaren im Humidor gibt es bei uns alles was Sie benötigen. Wir nehmen uns gerne für Sie Zeit, um Ihnen den Einkauf bei Noblego.de so einfach und angenehm wie möglich zu gestalten. Kaufen Sie bei uns Zigarren, Zigarillos, Pfeifen, Tabak, Humidore und vieles mehr. Sie werden nicht enttäuscht sein. Noblego.de führt alle wichtigen Marken und Hersteller von A wie Arturo Fuente bis zu Z wie Zino. Dass Teile unseres Sortimentes noch auf ihre Aufnahme in den Shop warten, haben Sie sicher schon bemerkt, wir arbeiten mit Hochdruck an der Realisierung unseres Anspruches, für Sie das Bestmögliche anzubieten. Für Hinweise und Anregungen sind wir immer dankbar, denn Sie als Kunden sind die Menschen, für die wir unsere Seite aufbauen. Unser Online Shop für Tabakwaren, Getränke und Zubehör ist von Aficionados für Aficionados, wir teilen Ihre Begeisterung für die Welt des stilvollen Genusses und freuen uns darüber, Sie jetzt und in Zukunft mit allem Nötigen auszustatten, was das Herz des Connaisseurs begehrt. Kundenservice Rufen Sie uns an, wir sind für Sie da! 030 - 30 36 47 29 (Mo. - Fr. 9h - 17h) Newsletter-Anmeldung Noblego Deutschland Kontakt Über Uns Zigarrenmatching Lexikon Jobs Qualitätsgarantie Versand Impressum Datenschutz AGB Jugendschutz geht vor! Kein Verkauf von Tabakprodukten an Jugendliche unter 18 Jahren! Noblego.de und alle verbundenen Websites sind eine Produktion der Solid Taste GmbH Zahlungsmethoden * alle Preise inkl. MwSt. und zzgl. Versand Wir versenden mit Besuchen Sie uns Facebook Google+ YouTube Blog | Twitter | Pinterest Finden Sie uns auf Google+ Noblego ist ein von Trusted Shops geprüfter Onlinehändler mit Zertifikat und Käuferschutz. Zigarren nach Ländern Kuba Dominikanische Republik Nicaragua Honduras Zigarren-Herkunftsländer Günstige Zigarren Top Marken Ashton Cohiba Griffins Montecristo Romeo y Julieta Spirituosen Beliebtester Pfeifentabak Pfeifentabak günstig Danish Mixture Pfeifentabak Dansk Club Pfeifentabak Jensen Pfeifentabak Samuel Gawith Pfeifentabak Stanwell Pfeifentabak Zertifikat prüfenKäuferschutzbedingungenAlle Bewertungen Impressum Datenschutz+Maximieren×SchließenSehr gut4.81/5.00Zertifizierter ShopZertifikat prüfenKäuferschutzbedingungenAlle Bewertungen Impressum Datenschutz–Minimierennoblego.de×KäuferschutzSie können sich nach dem Einkauf für die kostenlose Trusted Shops Mitgliedschaft Basic anmelden, inkl. Käuferschutz bis je 100 € für den aktuellen Einkauf sowie für Ihre weiteren Einkäufe in deutschen Shops mit dem Trusted Shops Gütesiegel.Mit Trusted Shops PLUS (inkl. Garantie) werden Ihre Einkäufe sogar bis je 20.000 € durch den Käuferschutz (inkl. Garantie) abgesichert, für 9,90 € pro Jahr inkl. MwSt. bei einer Mindestvertragslaufzeit von 1 Jahr. Die Absicherungsdauer des Käuferschutzes pro Einkauf beträgt in beiden Fällen 30 Tage.Es gelten die Mitgliedschafts- und Käuferschutzbedingungen.Zertifiziertseit 22.06.2012Käuferschutzbis zu 20.000 €×KundenbewertungenDie Note „Sehr gut“ berechnet sich aus den 2.501 Trusted Shops Bewertungen der letzten 12 Monate, die im Bewertungsprofil eingesehen werden können.5.588KundenbewertungenSehr gut4.81/5.00Uwe K06.11.2017Bin wie immer sehr zufrieden,Dirk S24.10.2017Alles bestens, vielen Dank - eben absolutes Fachgeschäft 29.05.2017ohne Kommentar"
120,nowak-ag.de," Nowak Immobilien - einer der besten Immobilien-Makler Berchtesgaden OK Um Ihnen eine optimale Nutzererfahrung zu bieten, verwendet diese Website Cookies. Durch die Nutzung der Website stimmen Sie der Verwendung von Cookies zu. Toggle navigation Über unsMietenKaufenHausverwaltungKundenstimmenService Sie wollen verkaufen / vermieten? Dann sind Sie bei Nowak Immobilien in Berchtesgaden richtig Jetzt verkaufen / vermieten Nowak Immobilien in Berchtesgaden / Bayern Sie wollen verkaufen / vermieten? Dann sind Sie bei Nowak Immobilien in Berchtesgaden richtig Jetzt verkaufen / vermieten Wohnungen, Grundstücke u. Häuser in BGL Berchtesgaden Immobilienmakler Das beste Nowak Immobilien-AG Team Immobilien-Makler aus Berchtesgaden und Bayern Wir wünschen Ihnen und Ihrer Familie eine schöne Adventszeit und eine fröhliche Weihnacht. Nowakln steht für kompetentes und erfolgreiches Immobilien verkaufen. Nowakeln Sie mit uns. Wir, als einer der besten Immobilienmakler, suchen dringend für unsere vorgemerkten Kunden Ein- und Mehrfamilienhäuser, 1-5 Zimmer-Eigentumswohnungen und Grundstücke im gesamten Berchtesgadener Land. Nutzen Sie die Gunst der Stunde um einen attraktiven Kaufpreis für Ihre Immobilie, aufgrund der guten Marktlage, zu erzielen. Gerne erstellen wir Ihnen ein konkretes Verkaufsangebot mit entsprechenden Marketingplan für Ihre Immobilie. Weitere Informationen erhalten Sie hier. Wir freuen uns auf Sie! Unser Tätigkeitsgebiet: Immobilien in folgenden Orten: Berchtesgaden, Schönau am Königssee, Ramsau, Marktschellenberg, Bischofswiesen, Piding, Bad Reichenhall, Freilassing, Saaldorf, Surheim, Teisendorf, Laufen, Anger, Aufham, Ainring, Bayerisch Gmain, und das gesamte südliche Berchtesgadener Land. Wir vermitteln Wohn- und Geschäftshäuser, Häuser, Landhäuser und Villen, Eigentumswohnungen, Baugrundstücke, Grundstücke, alle Arten von Immobilien, Pensionen, Gaststätten, Hotels, Gewerberäume, Büro, Läden und Mietwohnungen. Wir sind Ihr Immobilienmakler, Sachverständiger und Hausverwalter. Hier finden Sie unsere Referenzen. Fragen oder Wünsche? Nutzen Sie dafür gerne unser Kontaktformular oder kontaktieren Sie uns per Telefon Hotline 08652 64000 Abonnieren Sie kostenlos unseren RSS-Feed. Hier erfahren Sie alle Neuigkeiten über die Nowak Immobilien AG aus Berchtesgaden und der gesamten Immobilienbranche. Der Immo-Oscar geht an NOWAK IMMOBILIEN AG Berchtesgaden Ausgezeichnet: Der Immo-Oscar geht an NOWAK IMMOBILIEN AG im Berchtesgadener Land hier geht es zum Oscar-Gewinner Wir haben ab 01.10.2017 neue Öffnungszeiten. Wir haben ab 01.10.2017 neue Öffnungszeiten. Selbstverständlich sind auch Termine nach Absprache möglich. hier sehen Sie die neuen Zeiten Sommerinterview mit Armin Nowak im Berchtesgadener Anzeiger Das große Sommerinterview mit Armin Nowak im Berchtesgadener Anzeiger hier finden Sie das gesamte Interview Unsere Bürozeiten: Montag & Dienstag: 9:00 - 12:00 und 14:30 - 16:30 Uhr Mittwoch: 9:00 - 12:00 Uhr Donnerstag & Freitag: 9:00 - 12:00 Uhr und 14:30 - 16:30 Uhr Außerhalb dieser Zeiten können Sie mit uns gern über E-mail in Kontakt treten oder uns auf den Anrufbeantworter sprechen - wir rufen Sie umgehend zurück. Ihr kompetenter Partner für Immobilienwünsche in Berchtesgaden ....oder kommen gleich zum Immobilien-Team mit Ursula Hölzl, Armin Nowak und Christine Ziegler aus Berchtesgaden und beauftragen uns. Wir freuen uns auf Sie. zum YouTube Kanal Nowak Immobilien Kolumnen Gerade in der Urlaubszeit sind Ferienwohnungen gesucht wie noch nie - aber auch in deutschen Landen. Wenn von Ferienimmobilien gesprochen wird, denken viele Käufer nur an das südliche Ausland wie Spanien, Italien, Ungarn, Kroatien oder Österreich. Tatsächlich gibt es aber auch im Voralpengebiet im Chiemgau, Rupertigau oder im Berchtesgadener Land, ebenfalls Ferienimmobilien. Im Berchtesgadener Land mit Rupertigau kostet der Traum von Wohnen im Schnitt gerade mal um die 200.000,- Euro und besteht aus zwei bis drei Zimmern. Nicht nur Wanderer oder Skifahrer kommen auf ihre Kosten, nein auch der Kapitalanleger. Er kann sein Vermögen in einer kleinen Ferienwohnung anlegen, welche sich in einem typischen Haus im bayerischen Landhausstil befindet. Auch sind keine speziellen landestypischen Kenntnisse von Grundstückskaufverträgen notwendig mit den damit verbundenen Risiken, da das deutsche Gesetz gilt und in Deutsch beurkundet wird. Was diese abwechslungsreiche oberbayerische Landschaft um den Watzmann und den Chiemsee so beliebt macht, ist auch die günstige Lage zu Österreich und Italien. Salzburg, die bekannte Mozartstadt mit einem eigenen Flughafen, liegt direkt vor der Haustüre, so Armin Nowak, IVD-Regionalbeirat für Südostbayern und Vorstand der Nowak Immobilien AG aus Berchtesgaden. Eine Immobilie im bayerischen Voralpengebiet oder im Chiemgau gilt als sichere Kapitalanlage. Der Urlaubsgenuss ist sozusagen die zusätzliche Naturaldividende. Diese Preisstabilität ist fast schon zu einem Markenzeichen geworden. (A.N.) Können sich Immobilien-Leads-Verkäufer durchsetzen oder verschwinden sie bald vom Markt? Die Immobilien-Leads-Verkäufer, besser: Adressverkäufer genannt, investieren mehrere Euros, vor allen in bekannten Suchmaschinen, wie Google, damit sich viele Verkaufsinteressenten über deren Leads-Generatoren registrieren lassen. Auch in allen bekannten Social Media Kanälen und mit vielen Kooperationspartnern, wie zuletzt die Pro7Sat1 - Gruppe wird investiert, so der IVD-Regionalbeitrat und Immobilienexperte Armin Nowak, Vorstand der Nowak Immobilien AG aus Berchtesgaden. Richtig ist, dass sich viele Makler in den letzten Jahren nicht angestrengt haben, selbst aktiv Immobilienobjekte zu akquirieren. Die Makler waren in der Vergangenheit verwöhnt, weil sie nur sehen mussten, in welchen Immobilienportalen die Inserate zu schalten sind um die Objekte zu verkaufen. Auch vor über 20 Jahren, als das Internet erst am Entstehen war, haben diese Makler fleißig in den Tageszeitungen inseriert. Auch die Akquisition wurde vorwiegend mit sogenannten Suchinseraten erledigt. Im Zeitalter des schnelllebigen Internets und dem schon dramatischen Rückgang von Kaufangeboten, da der Immobilienmarkt leergefegt ist, kam das neue Geschäftsmodel des Leads-Verkaufes erst auf. Natürlich kann man über ein Lead-Portal an eine Immobilie kommen, an die man sonst nicht gekommen wäre, besonders in den Ballungsräumen. Im regionalen Immobilienmarkt, in dem man sich bereits eine Marke aufgebaut hat, dürfte das nicht so eindeutig sein. Gerade für Neulinge auf dem Immobilienmarkt bedeutet dies, entweder akquiriert man selbst oder man bezahlt hochpreisig an Leads-Portale. Auch als alteingesessenes Immobilienunternehmen muss man mit der Zeit gehen, sonst geht man! Was an den Leads-Verkäufern jedoch stört, ist das diese dem Verbraucher weismachen wollen, ihnen den besten Makler mit dem höchsten Verkaufspreis zu vermitteln. Nicht die Makler bekommen den Zuschlag, die den Höchstpreis anbieten, nur um an einen Auftrag zu kommen - wie ihnen von den Lead-Portalen suggeriert wird, sondern derjenige, der den höchsten Preis bietet - und das sind meist die schlechtesten Makler. Das bedeutet ein guter Verkauf zum besten Preis kann nur über die beste Dienstleistung erfolgen. Dass dem nicht so ist, bestätigt gerade ein BGH-Urteil, welches den Leads-Verkäufern nicht gefallen wird. Hier ging es zwar um ein Vergleichsportal von Beerdigungsinstituten, aber der mündige Verbraucher wird verstehen, dass die Aussagen wie: „Hier bekommen Sie den höchsten Preis“ nicht stimmt, auch weil die Portale wichtige führende Makler nicht aufführen und nur die Makler listen, die die höchste Provision weitergeben. Im Urteil steht, dass Preisvergleichsportale ihre Kunden darüber informieren, wenn sie nur Anbieter in den Vergleich aufnehmen, die ihnen eine entsprechende Provision zahlen. Ansonsten machen sie sich gemäß Gesetz gegen den unlauteren Wettbewerbs der Irreführung durch Unterlassung schuldig. Das Urteil hat das Aktenzeichen I ZR 55/16. Der Tenor der Urteilsbegründung lautet: Der Verbraucher nutze Preisvergleichsportale, um einen schnellen Überblick darüber zu erhalten, welche Anbieter es für ein bestimmtes Produkt gebe und welchen Preis der jeweilige Anbieter für das Produkt fordere, so der BGH. Dabei gehe der Verbraucher, sofern keine entsprechenden Hinweise erfolgen, nicht davon aus, dass in den Vergleich nur solche Anbieter einbezogen werden, die dem Betreiber des Portals im Falle des Vertragsabschlusses mit dem Nutzer eine Provision zahlen. ""Diese Information ist für den Verbraucher von erheblichem Interesse, weil sie nicht seiner Erwartung entspricht, der Preisvergleich umfasse weitgehend das im Internet verfügbare Marktumfeld und nicht nur eine gegenüber dem Betreiber provisionspflichtige Auswahl von Anbietern"", so der BGH weiter. Zudem müsse die Information so erteilt werden, dass der Verbraucher sie zur Kenntnis nehmen kann. Ein Hinweis auf der Geschäftskundenseite des Internetportals reiche hierfür nicht aus. Somit kann man gespannt sein, wann die ersten Immobilien-Leads-Verkäufer wettbewerbsrechtlich abgemahnt werden oder Ihr Geschäftsmodel tatsächlich fairer aufstellen werden. Siehe auch ganz aktuell: Info-Wettbewerbszentrale (A.N.) Warum die Quadratmeterpreisangaben für Eigentumswohnungen in den Immobilien-Internetbörsen falsch sind. Viele Verkäufer denken, wenn sie Ihre Eigentumswohnung verkaufen wollen, sie sehen einfach in den Immobilien-Internetbörsen nach, welche durchschnittlichen Quadratmeterpreise dort angegeben sind. Grundsätzlich wäre dies, wenn die Menge, die für eine statistische Basis-Erhebung da wäre, nicht falsch. Eine hohe Menge an Ausgangsdaten ist aber bestenfalls bei Großstädten vorhanden, nicht aber für kleinere Gemeinden. Jeder der mit Statistik zu tun hat, weiß es kommt auf eine ausreichende Zahl der Vergleichswerte an, wie gut diese am Ende wird, so der Immobilienexperte Armin Nowak, Vorstand von Nowak Immobilien aus Berchtesgaden. Tatsache ist, dass derzeit aufgrund der hohen Nachfrage nicht mehr alle Immobilienobjekte in die Internetdatenbanken wandern, da diese unter der Hand oder spätestens beim Immobilienmakler sofort verkauft werden. Viele Makler inserieren zudem auch nicht mehr in den führenden Immobilienportalen, da diese in der letzten Zeit die Preise sehr stark angehoben haben. Was bleibt sind völlig überteuerte Ladenhüter und hochpreisige Neubaueigentumswohnungen. Aus diesen wenigen völlig überteuerten Preisen bilden die Immobilieninternet-datenbanken nun Ihren Quadratmeterpreisvergleich, der dann natürlich völlig falsch und überhöht ist. Die Verkäufer gehen dann mit sehr hohen Preisen in den Markt und verstehen nicht, warum ein Verkauf nicht möglich ist. Schlimm wird es dann, wenn sie eine kostenlose Internetverkaufsberechnung bestellen, die ebenfalls aus diesem völlig unbrauchbaren Datenmaterial errechnet wird, was ihre Eigentumswohnung wert sein soll. Eine reelle Bewertung ist daher nur mit einem kompetenten Immobilienmakler oder Bewertungssachverständigen möglich, der entsprechende Marktkenntnisse hat. (A.N.) Wer schuldet bei einem Verkauf einer Eigentumswohnung das Wohngeld? Oft führt bei einem Verkauf einer Eigentumswohnung die Frage, wer für die Wohngeldzahlung ab wann verantwortlich ist zu Streitigkeiten zwischen den Vertragsparteien oder sogar mit dem Verwalter. Dabei denken die beteiligten Vertragsparteien, sie haben alles im notariellen Kaufvertrag richtig gemacht in dem sie den Termin der Übergabe genau festgelegt haben. Die Parteien wissen aber oft nicht, dass diese Vereinbarung nur im Innenverhältnis gilt, aber nicht im Außenverhältnis zum Verwalter oder den Miteigentümern. Für den Verwalter und den Miteigentümern ist immer der Eigentümer zuständig, der zum Zeitpunkt der Beschlussfassung gemäß § 16 Abs. 2 WEG. im Grundbuch steht. (AG Wilhelmshaven, Urteil vom 10.02.2016, 6 C 448/15). Im Zwangsversteigerungsverfahren gilt die einzige Ausnahme, dass der Erwerber bereits am Zuschlagtag für die Wohngeldzahlung verantwortlich ist und auch für die Abrechnungsspitze haftet, sofern der Beschluss in seiner Nutzungszeit fällt. Er haftet aber ausdrücklich nicht für nicht geleistete Vorauszahlungen des Voreigentümers. (BGH, NJW 1999 S. 3713). Aufgrund dieser gesetzlichen Regelung ist der Verwalter nicht einmal verpflichtet, sondern es ist ihm verboten für beide Vertragsparteien Zwischenabrechnungen zu erstellen, so der IVD-Regionalbeitrat und Immobilienexperte Armin Nowak, Vorstand der Nowak Immobilien AG aus Berchtesgaden. Tut er es doch ist dies allenfalls ein unverbindlicher Service, der aber nicht rechtsverbindlich ist, denn der neue Wohnungseigentümer, sofern er im Grundbuch eingetragen ist, ist alleine für die Abrechnungsspitze zuständig. Die Kostentragungspflicht für den veräußernden Wohnungseigentümer endet erst mit Eigentumsumschreibung im Grundbuch. (BGH, Urteil v. 2.12.2011, V ZR 113/11). Den vertraglich vereinbarten Ausgleich haben die Vertragsparteien dann aufgrund des Kaufvertrages selbst vorzunehmen. Diese Verteilung hat nichts mit dem Verwalter oder den Miteigentümern zu tun. (A.N.) Wer sich den Traum vom eigenen Haus erfüllen möchte, muss sich darüber im Klaren sein,... ...dass er damit vermutlich die größte Investition seines Lebens tätigt. Eine gute Vorbereitung ist das A und O, denn schon kleine Fehler können größere finanzielle Konsequenzen haben. Neben wichtigen Fragen zum Thema Baufinanzierung, Eigenleistung oder aber zukünftigen Betriebskosten, ist der erste Schritt in Richtung Eigenheim die Besichtigung. Welche Fragen unbedingt gestellt werden und wo man besonders genau hinschauen sollte, erfahren Sie in der folgenden Zusammenfassung. Vorab: Fragen Schon vor dem Termin ist es wichtig die Vorabinfos genau zu kennen. Welche Ausstattung hat das Haus, wie ist die Lage beschrieben und inwelchem Zustand befindet sich die Immobilie? Erstellen Sie eine Checkliste, die alle Angaben enthält und notieren Sie Ihre Fragen bereits vorab, denn vor Ort geraten gerade die Details oft schnell ins Vergessen. Unterstützungorganisieren Besitzt Jemand in Ihrem Bekanntenkreis eine Immobilie? Sprechen Sie mit ihm über Ihr Vorhaben und lassen Sie sich ein paar geben. Vielleicht hat derjenige sogar Zeit, Sie zu Ihrem Besichtigungstermin zu begleiten. Vier Augen sehen bekanntlich mehr als zwei und eine Begleitung kann in diesem Fall eine objektive Meinung beitragen. Umgebung kennen Hilfreich ist es in vielen Fällen, wenn man bereits vor dem Besichtigungstermin den Weg einmal auf sich nimmt. Ein Blick auf die Fassade ermöglicht einen ersten Eindruck. Auch kann die Umgebung genauer unter die Lupe genommen werden. Wie nah wohnen die Nachbarn? Wo befindet sich die nächste Einkaufsmöglichkeit und wie ist die Verkehrsanbindung im Allgemeinen? Solche Fragen können schon vorab geklärt werden, damit Sie sich bei der Hausbesichtigung nicht zusätzlich darauf konzentrieren müssen. Der Termin Zum eigentlichen Termin sollten Sie Zeit mitbringen, denn schließlich geht es hier um eine wichtige Entscheidung. Die folgende Checkliste hilft Ihnen bei der Besichtigung die wichtigsten Punkte zu beachten. Oft sind es die Details, die schnell ins Geld gehen können. Selbst Renovierungskosten können in bestimmten Umfang ziemlich teuer werden. Die Fassade - In welchem Zustand befindet sich der Anstrich? - Wie ist die Beschaffenheit des Mauerwerks? - Ist der Putz in Ordnung oder befinden sich evtl. Risse darin? - Schauen Sie sich Fenster und Türstürze genau an. - Wie sieht der Eingangsbereich aus? Sind evtl. vorhandene Treppen gut erhalten? Innenbereich - Wände: Sind feuchte Stellen sichtbar? - In welchem Renovierungszustand befindet sich das Haus? - Fußboden und Decke: Wie sind Fußböden und Decken beschaffen? (Trittschalldämmung, Putz, Anstrich und Belag) - Treppen: Sind Treppen im Haus vorhanden lohnt sich hier ein genauer Blick (Neigung und Zustand von Stufen und Geländern) - Fenster: Rahmen und Scharniere müssen fest sitzen, die Verglasung und vor allem auch die Abdichtung unbedingt genau anschauen! - Türen: Türblatt und Rahmen, Klinken, Beschläge und Scharniere - Keller: Lassen Sie sich immer auch den Keller zeigen, denn hier sind Mängel schnell ausfindig zu machen. - In welchem Zustand befindet sich das Mauerwerk? - Wie sehen Belag und Anstrich aus? - Decke und Fußboden sollten ebenfalls genau unter die Lupe genommen werden. Ist die erste Besichtigung zu Ihrer Zufriedenheit ausgefallen, vereinbaren Sie ruhig noch einen zweiten Termin. Bis dahin haben Sie auch noch einmal Zeit sich alles genau durch den Kopf gehen zu lassen und Fragen zu notieren, welche bei der ersten Besichtigung nicht gestellt wurden. (A.N) Kauf bricht Miete nicht. Umso erstaunlicher ist es, dass viele Mieter und nicht am Immobilienmarkt tätige Personen glauben im Verkaufsfalle der von ihnen bewohnten Immobilie müssen sie einen neuen Miet- bzw. Pachtvertrag mit dem neuen Eigentümer abschließen. Einige sind sogar der Meinung, sie müssten aus ziehen. Dem ist nicht so, erklärt der Immobilienexperte Armin Nowak IVD-Regionalbeirat für Südostbayern und Vorstand der Nowak Immobilien AG aus Berchtesgaden. Gemäß BGB tritt der neue Eigentümer automatisch in alle Rechte und Pflichten des Voreigentümers ein. Das heißt, er muss dem Mieter nachweisen, zu welchem Zeitpunkt er Eigentümer ist und mit dem Verkäufer vertraglich vereinbart hat, ab wann ihm die Miete zusteht. Am besten eignet sich hierzu ein Grundbuchauszug und ein Schreiben, auf dem auch der Voreigentümer mit unterschrieben hat. Nur so kann der Mieter, mit befreiender Wirkung, an den neuen Eigentümer die Miete bezahlen. Wenn sich der Mieter dies nicht nachweisen lässt, kann es ihm passieren, dass er doppelt Miete zahlen muss. Wichtiger Hinweis: Unterschreiben Sie als Mieter nicht leichtfertig einen neuen Mietvertrag mit der Begründung die Vertragspartei des Vermieters und die Bankverbindung stimmen nicht mehr. Lassen Sie sich von Immobilieninvestoren, Maklern oder Hausverwaltern, die Ihnen etwas anderes erzählen, nicht beeindrucken. Auch alle anderen Rechte des Voreigentümers wie Mieterhöhungsmöglichkeit oder Kündigungsmöglichkeit gehen auf den neuen Eigentümer über. Besonderes Augenmerk ist auf eine eventuell geleistete Kaution zu richten. Diese geht nicht automatisch über, der Verkäufer haftet noch so lange, bis er dem Mieter mitgeteilt hat, dass die Kaution auf den neuen Eigentümer übertragen wurde, wobei der Mieter seine Zustimmung erteilen muss. Sollte der Mieter seine Zustimmung zur Übertragung der Kaution nicht erteilen, muss der Voreigentümer diese zurückzahlen. Allerdings kann dann der neue Eigentümer aus dem Mietvertragsverhältnis diese vom Mieter neu anfordern. (A.N.) Zwischenfinanzierung - der Schuss kann nach hinten los gehen. Es liegt an den allgemeinen Lebensumständen, dass man in jungen Jahren gerne etwas größer (Haus mit Garten) wohnen möchte und im Alter aber lieber etwas kleiner (ebenerdige Erdgeschosswohnung) wohnen möchte. Das Problem dabei ist, dass man zuerst seine alte Immobilie verkaufen muss, um anschließend damit die neue Immobilie erwerben zu können. Findige Banken oder Finanzmakler raten daher schnell dazu, eine Zwischenfinanzierung aufzunehmen, damit man sofort die neue Immobilien kaufen kann, um sich dann dem Verkauf der alten Immobilie zu widmen. Ist dies aber immer der richtige Weg für den Immobilienkunden? Die Antwort des Immobilienexperten Armin Nowak aus Berchtesgaden lautet. Nein! Zwar besteht die Gefahr, dass man dann seine Traumimmobilie nicht mehr bekommt. Viele Maklerkollegen versuchen die Kunden zu überzeugen, dass sie schnell unter Zeitdruck handeln sollen. Aber die Zwischenfinanzierung ist trotz der aktuell extrem niedrigen Zinsen teuer. Und Zeitdruck war noch nie ein guter Ratgeber. Man sollte im Falle einer Zwischenfinanzierung auch bedenken, dass man sehr schnell unter Verkaufsdruck gerät und seine alte Immobilien unter Preis verkaufen muss. Besser ist es, kühlen Kopf zu bewahren und erst die alte Immobilie zu verkaufen und gegebenenfalls eine Klausel in den Kaufvertrag aufzunehmen, dass diese erst etwas später übergeben wird. Dann kann man anschließend in Ruhe nach der neuen Immobilie suchen und hat den erzielten Kaufpreis zur Bezahlung parat. (A.N.) Geldwäschegesetz - was ist das? Was viele nicht wissen, das Geldwäschegesetz betrifft auch Makler und deren Kunden, so der Immobilienexperte Armin Nowak IVD-Regionalbeirat für Südostbayern und Vorstand der Nowak Immobilien AG aus Berchtesgaden. Was bei Banken und Versicherungen selbstverständlich ist, gilt nach der Erweiterung des Geldwäschegesetzes durch die Bundesregierung auch für Kaufinteressenten von Immobilien und deren Vermittler.Unglaublich aber wahr: Der Gesetzgeber zwingt die Makler unter Androhung von Strafe dazu, von allen (!) Kaufinteressenten Kopien der Personalausweise meist schon vor beziehungsweise bei der ersten Besichtigung zu verlangen und potentielle Kunden damit eindeutig zu identifizieren. Damit sollen bereits im Vorfeld jegliche Verdachtsfälle auf eine mögliche Geldwäsche erkannt, beziehungsweise vermieden werden. Also wundern Sie sich nicht, wenn Ihr Immobilienmakler Sie nach dem Personalausweis fragt.Mit dieser Neuerung, die bereits seit 2014 gilt, werden zunächst einmal alle Bürger unter Generalverdacht gestellt und die Makler sollen zu Spitzeln der Behörden gemacht werden. Auch wenn Ihr Immobilienexperte Armin Nowak dies als zusätzliche Bürokratie ablehnt, so müssen die Maklerkollegen aber die geltenden Gesetze in diesem Fall „zähneknirschend“ akzeptieren. Der Erfolg derartig überzogener Maßnahmen dürfte mehr als zweifelhaft sein, da dieses Gesetz für Privatverkauf ohne Makler nicht angewendet werden muss. (A.N.) Eine Immobilienreservierung ist rechtlich nicht durchsetzbar und daher nicht zu empfehlen. Einige Maklerkollegen behaupten zwar etwas anders, aber davon sollten Sie sich nicht beeindrucken lassen, so der IVD-Regionalbeirat und Immobilienexperte Armin Nowak, Vorstand der Nowak Immobilien AG aus Berchtesgaden. Wenn eine Immobilie für Sie von einem Makler reserviert werden soll und dieser dafür sogar eine Gebühr will, ist dies rechtlich gar nicht möglich. Die Reservierung kann er Ihnen gar nicht garantieren, weil er nicht Vertragspartner ist und nicht weiß, ob der Verkäufer noch verkaufsbereit ist oder ob er nicht von seinem Recht, selbst verkaufen zu können, Gebrauch macht. Eine Reservierung wäre allenfalls nur im Einverständnis mit dem Makler und Verkäufer möglich. Rechtlich bindend aber ist sie auch nur, wenn sie notariell beurkundet wird, weil dies die Formvorschrift bei Immobiliengeschäften ist. Und hier stellt sich die entscheidende Frage: Wenn man den Verkäufer und Käufer sowieso zum Notartermin bringt, warum wird dann nicht gleich der Hauptvertrag geschlossen? Die Empfehlung lautet daher, allenfalls einem Käufer bis zur Klärung seiner Finanzierung und seiner Fragen eine kostenlose unverbindliche Reservierung zuzugestehen aber mit der Maßgabe, wenn ein anderer Interessent schneller ist, dass er keinen Rechtsanspruch auf Schadensersatz gegenüber dem Makler oder dem Verkäufer geltend machen kann. Schließlich bleibt der Verkäufer in seiner Entscheidung bis zuletzt frei, wem er seine Immobilie verkauft. (A.N.) Das Grundbuch kein Buch mit sieben Siegeln. An ein Grundbuch denken die meisten Verbraucher erst, wenn sie eine Immobilie verkaufen oder erwerben wollen. Ansonsten interessiert man sich so gut wie nie für das eigene Grundbuch. Allenfalls wenn man einen Kredit benötigt, sprechen die Banken den Darlehensnehmer an, ob denn Sicherheiten bestehen. Grund und Boden ist sehr werthaltig als Sicherheit und wird daher gerne von den Kreditinstituten als Sicherheit genommen. Aber wie sieht das Grundbuch aus und was findet man darin? Diese Frage können in der Regel nur Fachleute aus der Immobilien- oder Bankbranche beantworten und für den Verbraucher ist es ein Buch mit sieben Siegeln, so der Immobilienexperte Armin Nowak, IVD-Regionalbeirat für Südostbayern und Vorstand der Nowak Immobilien AG aus Berchtesgaden. Woraus besteht nun das Grundbuch und wo bekommt man es? Die Grundbücher werden beim Amtsgericht des jeweiligen Landkreises hinterlegt, in dem sich das Grundstück befindet, also bei uns im Berchtesgadener Land in Laufen. Das Grundbuch besteht aus dem Bestandsverzeichnis, in dem die Gemarkung, die Flurnummer der Erdoberfläche, die genaue Lage und die Größe festgehalten sind. Durch Zuschreibung ist es möglich, dass unter demselben Grundbuchblatt mehrere Flurstücksnummern geführt werden. Dann gibt es die erste Abteilung in der der Name des Eigentümers beziehungsweise des Erbbauberechtigten eingetragen ist. Dem Eintrag ist immer auch die Grundlage (zum Beispiel durch Erwerb, Erbschein usw.) der Eintragung hinzugefügt. Die Abteilung I kann unrichtig werden, wenn der eingetragene Eigentümer stirbt. In diesem Fall muss der Erbe eine Grundbuchberichtigung beantragen. In der zweiten Abteilung des Grundbuches sind die sogenannten Belastungen und Beschränkungen eingetragen. Hier kann es sich um Grunddienstbarkeiten, beschränkt persönliche Dienstbarkeiten, Vorkaufsrechte, Baubeschränkungen, Nießbrauchrechte, Wohnrechte, Reallasten oder bei dem zur Verfügung stellenden Erbbaurecht, die Erbbaurechtsbeschränkung. Auch ein Insolvenzverfahren des jeweiligen Eigentümers, ein Zwangsversteigerungsvermerk oder die Bestellung eines Zwangsverwalters wird in der zweiten Abteilung eingetragen. Dann gibt es noch die dritte Abteilung, die besonders für Banken wichtig ist, wenn diese das Grundstück beleihen. Hier werden die Grundpfandrechte, wie Hypothek oder Grundschuld, meist ohne Brief eingetragen. In der Vergangenheit wurden oft Hypotheken oder Grundschulden mit Brief eingetragen, damit man den jeweiligen Brief zur Beleihung hergeben konnte. Hiervon rät der Immobilienexperte Armin Nowak jedoch ab, da bei einem späteren Verkauf oft dieser Brief nicht auffindbar ist und in einem Aufgebotsverfahren für ungültig zu erklären ist. Oft treten solche Probleme erst nach einer Erbschaft oder im Falle des Verkaufs auf. Es wird daher angeraten, seinen eigenen Grundbuchauszug regelmäßig zu kontrollieren. Auch komplett abbezahle Darlehen, bei denen die Grundschuld noch in Grundbuch steht, sollte entgegen des Ratschlages der Banken gelöscht werden. Wenn die Grundschuld dennoch später noch gebraucht wird, soll man sich zumindest eine löschungsfähige Quittung der Bank ausstellen lassen, die man jederzeit zum Grundbuchamt bringen oder der Bank zurückgeben kann. Denn später nach vielen Jahren kann es schwierig werden, den jeweiligen Kreditsachbearbeiter und die Kreditakte noch zu finden. Auch die diversen Fusionen der Banken machen die Sache nicht leichter, so der Immobilienexperte Armin Nowak, IVD-Regionalbeirat für Südostbayern und Vorstand der Nowak Immobilien AG aus Berchtesgaden. Für Eigentumswohnungen und Teileigentum beziehungsweise Erbbaurecht gibt es eigene Grundbücher, die auch nicht auf bestehende Grundbücher des Eigentümers hinzugeschrieben werden. Das Grundbuch genießt im Übrigen den sogenannten öffentlichen Glauben nach § 892 BGB. Die Richtigkeit und Vollständigkeit zu Gunsten eines Erwerbers ist damit gegeben. Allerdings hat nicht jeder ein Einsichtsrecht. Einsicht kann nur nehmen, wer ein berechtigtes Interesse daran hat und dies auch nachweisen kann. (A.N.) Nowak Immobilien AG Maximilianstr. 15 83471 Berchtesgaden Tel.: +49 (0) 8652 64000 Fax.: +49 (0) 8652 64081 info@nowak-ag.de Info zu Kontakt & Anfahrt Nowak Immobilien AG hat 4,97 von 5 Sterne | 59 Bewertungen auf ProvenExpert.com Empfehlen Sie uns Teilen Twittern Empfehlen RSS-Feed Links ImpressumDatenschutzPublic RelationsInvestor RelationsPartner Ausgezeichnete Qualität "
121,oeger.de," Türkei Reisen und Urlaub im Orient - ÖGER TOURS Ihr Reisespezialist Wir verwenden aus technischen Gründen und zu Marketingzwecken Cookies. Mit der Nutzung der Seite erklären Sie sich mit dem Verfahren einverstanden.XTeil der Thomas Cook GruppeÖGER TOURS TravelguideMerkzettel 0 Top Angebote dcs Zurück Top AngeboteFußball WM 2018 Frühbucher Preishits Reisen unter 299,- € Silvesterurlaub Weihnachtsurlaub Yaz firsatlari Last Minute dcs Zurück Last MinuteTürkei Tunesien Marokko Ägypten Jordanien Vereinigte Arabische Emirate Fernreisen Pauschalreisen dcs Zurück PauschalreisenTürkei Urlaub Ägypten Marokko Tunesien Vereinigte Arabische Emirate Hotel dcs Zurück HotelAqua Hotels Günstige Hotels SENTIDO Boutique Hotel Kleine Hotels smartline Hotels Erwachsenenhotels Luxushotels SunConnect Resorts Familienhotel Beliebte Hotelketten Sunprime Hotels Resorts Urlaubstyp dcs Zurück UrlaubstypAktivurlaub ALL INCLUSIVE Cluburlaub Familienurlaub Golfreisen Honeymoon Langzeiturlaub Fernreisen Schiffsreisen Singlereisen Städtereisen Wellness Rundreisen dcs Zurück RundreisenJordanien Marokko Höhepunkte der Emirate Service & Infos dcs Zurück Service & InfosFAQ Flexible Urlaubsplanung Flughafeninformationen Kontakt Mietwagen Newsletter Reiseversicherung Reisebürofinder Reisegutschein Travelguide FAQNewsletterKontaktMerkzettel 0MenuWir verwenden aus technischen Gründen und zu Marketingzwecken Cookies. Mit der Nutzung der Seite erklären Sie sich mit dem Verfahren einverstanden.XTravelguideMerkzettel 0ZurückIhr Merkzettel: 0 AngeboteAuf Ihrem Merkzettel befinden sich derzeit keine gespeicherten Angebote. Sie können jederzeit Angebote durch einen Klick auf die ""Merken""-Funktion hinzufügen.Haben Sie bereits einen Merkzettel-Code? Merkzettel-CodeZum Merkzettel Top Angebote ZurückTop AngeboteÜbersicht Top AngeboteFußball WM 2018 Frühbucher Preishits Reisen unter 299,- € Silvesterurlaub Weihnachtsurlaub Yaz firsatlari ZurückTop AngeboteÜbersicht Top Angebote Fußball WM 2018 Frühbucher Preishits Reisen unter 299,- € Silvesterurlaub Weihnachtsurlaub Yaz firsatlari Last Minute ZurückLast MinuteÜbersicht Last MinuteTürkei Tunesien Marokko Ägypten Jordanien Vereinigte Arabische Emirate Fernreisen ZurückLast MinuteÜbersicht Last Minute Türkei Tunesien Marokko Ägypten Jordanien Vereinigte Arabische Emirate Fernreisen Pauschalreisen ZurückPauschalreisenÜbersicht PauschalreisenTürkei Urlaub Ägypten Marokko Tunesien Vereinigte Arabische Emirate ZurückPauschalreisenÜbersicht Pauschalreisen Türkei Urlaub Ägypten Marokko Tunesien Vereinigte Arabische Emirate Hotel ZurückHotelÜbersicht HotelAqua Hotels Günstige Hotels SENTIDO Boutique Hotel Kleine Hotels smartline Hotels Erwachsenenhotels Luxushotels SunConnect Resorts Familienhotel Beliebte Hotelketten Sunprime Hotels Resorts ZurückHotelÜbersicht Hotel Aqua Hotels Günstige Hotels SENTIDO Boutique Hotel Kleine Hotels smartline Hotels Erwachsenenhotels Luxushotels SunConnect Resorts Familienhotel Beliebte Hotelketten Sunprime Hotels Resorts Urlaubstyp ZurückUrlaubstypÜbersicht UrlaubstypAktivurlaub ALL INCLUSIVE Cluburlaub Familienurlaub Golfreisen Honeymoon Langzeiturlaub Fernreisen Schiffsreisen Singlereisen Städtereisen Wellness ZurückUrlaubstypÜbersicht Urlaubstyp Aktivurlaub ALL INCLUSIVE Cluburlaub Familienurlaub Golfreisen Honeymoon Langzeiturlaub Fernreisen Schiffsreisen Singlereisen Städtereisen Wellness Rundreisen ZurückRundreisenÜbersicht RundreisenJordanien Marokko Höhepunkte der Emirate ZurückRundreisenÜbersicht Rundreisen Jordanien Marokko Höhepunkte der Emirate Service & Infos ZurückService & InfosÜbersicht Service & InfosFAQ Flexible Urlaubsplanung Flughafeninformationen Kontakt Mietwagen Newsletter Reiseversicherung Reisebürofinder Reisegutschein Travelguide ZurückService & InfosÜbersicht Service & Infos FAQ Flexible Urlaubsplanung Flughafeninformationen Kontakt Mietwagen Newsletter Reiseversicherung Reisebürofinder Reisegutschein TravelguideFAQNewsletterKontakt +++ Aktuelle Gäste-Informationen zu Niki-Flügen +++PauschalHotelFlugReiseziel / HotelXReiseziel / Hotel eingebenReiseziel / Hotel eingeben AbflughafenX Abflughäfen eingebenDeutschlandÖsterreichSchweizNiederlandeBelgienFrankreichLuxemburgItalienPolenVon Bis Dauerexakt wie angegebenbeliebig1 Woche2 Wochen3 Wochen4 Wochen1-4 Nächte5-8 Nächte9-12 Nächte13-16 Nächte17-22 Nächte>22 Nächte1 Nacht2 Nächte3 Nächte4 Nächte5 Nächte6 Nächte7 Nächte8 Nächte9 Nächte10 Nächte11 Nächte12 Nächte13 Nächte14 Nächte15 Nächte16 Nächte17 Nächte18 Nächte19 Nächte20 Nächte21 Nächte22 Nächteerweiterte SucheUrlaub finden Familienurlaub in der Türkei Günstige Kinderfestpreise buchen und sparen. Jetzt entdecken Sommer 2018 Jetzt buchen und Vorteile sichern. Zu den Angeboten Aktivurlaub in Ägypten Lahami Bay Beach Resort Berenice, Marsa Alam & Quseir 94% Weiterempfehlung 729 Hotelbewertungen 7 Nächte - Halbpensionp.P. ab 371 € Ihr Spezialist für Türkei - und OrientreisenGenießen Sie Ihre Türkei Reise mit ÖGER TOURS. Mit mehr als 400 Abflügen wöchentlich und über 1000 Hotels in den verschiedensten Regionen der Türkei und im Orient sind wir Ihr Türkei- und Orient- Urlaubsspezialist. Ob Pauschalreise, Städtereise, Nur-Hotel, Aktivurlaub oder eine Rundreise - wir haben für jeden Urlaubstypen das passende Angebote in unserem Reise-Portfolio.Unsere aktuellen Frühbucher-Preishits SENTIDO Numa Bay Avsallar (Incekum), Side & Alanya 7 Nächte - All Inclusivep.P. ab 433 € SunConnect Sea World Resort & Spa Kizilagac (Side), Side & Alanya 7 Nächte - All Inclusivep.P. ab 457 € Club Mega Saray Belek, Antalya & Belek 7 Nächte - All Inclusivep.P. ab 572 € Side Corolla Kumköy (Side), Side & Alanya 7 Nächte - All Inclusivep.P. ab 375 € Hier geht es zu weiteren Preishits Last Minute Türkei Spezielle Last Minute Angebote für die Türkei, die Sie nicht verpassen sollten! Zu den Angeboten Dubai entdecken Entdecken Sie die Trendmetropole der Emirate im Winter... Zur Übersicht Weihnachtsurlaub Genießen Sie die Feiertage unter südlicher Sonne. Zur Übersicht Last Minute Angebote Top 5 Regionen Side p.P. ab 163 € Belek p.P. ab 174 € Agadir p.P. ab 244 € Kemer p.P. ab 263 € Dubai p.P. ab 600 € Flexible Urlaubsplanung Mit der FlexOption können Sie bis 10 Tage vor der Abreise zum tagesaktuellen Reisepreis umbuchen! Weitere Infos Colors of Turkey Spannende Geschichten rund um Kultur, Natur, Kulinarik und das türkische Lebensgefühl. Zu den Geschichten Travelguide • Persönliche Reisehistorie mit allen Reisedetails• Mobiler Reiseführer für über 200 Reiseziele weltweit• MARCO POLO Reiseführer-Inhalte mit Insider-Tipps Zum Travelguide Reisegutschein Urlaub verschenken - Mit einem Reisegutschein schenken Sie Freude für die schönste Zeit des Jahres. Zu den Gutscheinen Türkei Reisen mit ÖGER TOURS Mit ÖGER Tours in Ihren Türkei Urlaub fliegen. Mit mehr als 400 Abflügen wöchentlich und über 600 Hotels in den verschiedensten Regionen der Türkei sind wir Ihr Türkei Urlaub-Spezialist. Planen Sie einen Langzeiturlaub an der Türkischen Riviera? Wir haben das ideale ALL-INCLUSIVE Hotel für Sie. Mehr Auch für einen Urlaub mit der Familie haben wir das passende Hotel oder die passende Clubanlage. Profitieren Sie von unseren unschlagbaren Preisen und verbringen Sie mit Ihrer Familie schöne Tage in der Türkei. Oder erkunden Sie das türkische Inland zu Fuß und gehen Sie einen der schönsten Fernwanderwege der Welt, den Lykischen Weg. Abends entspannen Sie dann in einem unserer schönen Rundreisehotels. Wir bieten unseren Kunden seit über 40 Jahren das beste Preis-Leistungs-Verhältnis sowie eine mehrfach prämierte Qualität. Buchen Sie Ihre Türkei Reise bei ÖGER TOURS und machen Sie aus Ihrer Reise einen Traumurlaub in der Türkei. Ob Sie eine ALL-INCLUSIVE Reise , eine günstige Türkei Reise oder ein Langzeiturlaub in der Türkei planen, mit ÖGER TOURS finden Sie das ideale Urlaubsziel. Unsere Türkei Reise Angebote. Weniger Last Minute Türkei Urlaub, Frühbucherreisen oder Pauschalreisen Das umfassende Angebot von ÖGER TOURS erfüllt jeden Urlaubswunsch. Ob Sie nun eine Last-Minute-Reise , einen Frühbucherurlaub für Preisbewusste, eine Pauschalreise für die ganze Familie, oder als Paar oder Single einen Cluburlaub, eine Städtereise oder eine Rundreise suchen, bei ÖGER TOURS finden Sie Ihre Top Angebote. Mehr Die Türkische Riviera oder die Türkische Ägäis sind die idealen Urlaubsregionen für einen klassischen Strandurlaub. Genießen Sie an bekannten Urlaubsorten wie Antalya , Side , Belek , Alanya , Fethiye , Bodrum oder Kusadasi die zahlreichen Sonnenstunden am Strand und baden Sie im kristallklaren, türkisblauen Meer. Überall stehen auch vielfältige Wassersportmöglichkeiten zur Auswahl. Weniger Istanbul-Städtereisen, Kurzurlaub und Wochenendreisen mit ÖGER TOURS buchen! Eine Städtereise ist die ideale Verbindung zwischen Kulturgenuss, kulinarischen Entdeckungen, Flanieren und Shoppen – zum Beispiel in Istanbul. Bei allem begleitet Sie die legendäre türkische Gastfreundschaft.Mehr Außerdem erwarten Sie Top-Sehenswürdigkeiten wie Hagia Sophia, Topaki-Palast, Blaue Moschee oder Galata-Turm. Ein absolutes Muss für jeden Istanbul-Besuch ist eine Schifffahrt auf dem Bosporus. Weniger Blaue Reisen Türkei Sie lieben Schiffsreisen? Erleben Sie malerische Landschaften, schöne Buchten und Inseln an den schönsten und reizvollsten Küstenabschnitten der Türkei auf einer Blauen Reise. Zu den Blauen Reisen Orientreisen mit ÖGER TOURS Aber ÖGER TOURS ist nicht nur ein Begriff für Türkeiurlaub. In unserem vielfältigen Orientprogramm buchen Sie erlebnisreiche Aufenthalte in Nordafrika und dem Nahen Osten, zum Beispiel in Ägypten, Tunesien, Marokko, Jordanien und in den Vereinigten Arabischen Emiraten. Informieren Sie sich heute noch über Ihren Traumurlaub auf ÖGER.de und erleben Sie unvergessliche Momente. Unsere Hotelmarken - Für jeden das Richtige dabeiFür AnspruchsvolleFür FamilienFür ErwachsenePreiswerter UrlaubInspirierende Angebote per NewsletterErhalten Sie Sonderangebote, Urlaubsinspirationen und aktuelle Tipps.AbonnierenÖGER TOURS im Social WebWir sorgen für Urlaubs-Feeling, auch auf Facebook, Twitter, Instagram, Youtube, Google+ und in unserem Reiseblog.Zurück nach oben Ihre Vorteile: Qualitätsgeprüfte Veranstalter Preisvergleich & Empfehlungen Maximale Sicherheit Verlässliche Bewertungen Kompetenter ServiceImpressumDatenschutzWir helfen Ihnen gerne weiter täglich von 8:00 bis 22:00 Uhr 040 - 32 001 330 Es gelten die Verbindungskosten Ihres Telefonanbieters.Ihr Browser ist leider nicht auf dem neuesten Stand.Auf unserer Webseite können Sie natürlich noch immer Ihren Traumurlaub finden und buchen, allerdings kann es vorkommen, dass einzelne Inhalte nicht richtig dargestellt werden.Damit Sie alle Funktionen nutzen können, empfehlen wir Ihnen die neueste Version Ihres Browsers zu verwenden.verstandenÖGER TOURSÜber unsReisezieleGruppenreisenIncentive ReisenAusflugstippsBarrierefreies ReisenSondertransfersUnsere PartnerNeckermannThomas CookBucher ReisenReisebüro InsiderAirlinesHotels & ResortsBeliebte HotelkettenSENTIDO Hotelssmartline HotelsSunConnect ResortsSunprime HotelsHotel-IndexInformationenVeranstalter AGBVermittler AGBDatenschutzImpressumZahlungsartenServiceFAQSFerienkalenderKontaktFlexible UrlaubsplanungMietwagenReisebürofinderReisefeedbackReiseversicherungReisegutscheinFlughafenhotels und ParkplätzeFlughafeninformationenZug zum FlugAngebote auf TürkischAktuellesPresseJobsFotowettbewerbhallo türkei - KundenmagazinColors of TurkeyReisehinweiseKatalogeNachhaltigkeitNewsletterVeranstaltungskalender März 2018MoDiMiDoFrSaSo 12345678910111213141516171819202122232425262728293031 X Alternativ zur Online-Buchung können Sie Ihre Reise auch in einem unserer Reisebüros vor Ort oder telefonisch buchen. Notieren Sich dazu Ihren persönlichen Merkzettel-Code oder drucken Sie ihn aus. Mit Hilfe dieses Codes können sich unsere Reise-Experten alle Angebote ansehen, die Sie Ihrem Merkzettel hinzugefügt haben. "
122,oehunigraz.at," ÖH Uni Graz - HochschülerInnenschaft an der Uni Graz ÖH Uni Graz Vertretung Was ist die ÖHAufgaben und Vertretung HochschulvertretungOberstes Gremium der ÖH Uni Graz VorsitzLeitet die Geschäfte der ÖH Uni Graz ReferateAktiv in vielen Themen FakultätsvertretungenNehmen sich fakultätsweiten Belangen an StudienvertretungenHier gehts um dein Studium SekretariatAdministrative und Organisatorische Unterstützung Studieren Sprechstunden & Kontakt Alle Bürozeiten und Kontaktinfos auf einen Blick Vor dem StudiumMaturantInnen- und Erstsemestrigenberatung Während des StudiumsBeratung und Unterstützung RechtsberatungJuristische Hilfe in kniffligen Fällen Leitfäden und BroschürenZum Durchblättern und Herunterladen Leben SozialesBeihilfen und Stipendien ArbeitAlles Rund ums Geldverdienen WohnenFür Fragen zu Mieten, WGs und Wohnungen SozialfondsUnterstützungsfonds der ÖH-Bundesvertretung SozialtopfUnterstützungsfonds der ÖH Uni Graz Studieren mit KindInformationen für Studierende mit Kind Projekte StudiengebührenFragen zu den Klagen gegen Studiengebühren? Dein ProjektDie ÖH Uni Graz unterstützt deine Idee BV-ProjekttopfProjektförderung der ÖH-Bundesvertretung Forum HochschuleDie Alternative zum Hochschulplan campusboard.atKostenlose Kleinanzeigen für Jobs und Wohnungen ÖH-LastenradGratis ausleihen Mitmachen Ausschreibungen der ÖH Uni Graz BlackboardAusschreibungen und Allfälliges Infos zu den ÖH-Wahlen 2017 UB wird neu ÖH WahlÖH Wahl 2017 ÖH Uni Graz Zur Navigation (Zifferntaste 1) Zum Seiteninhalt (Zifferntaste 2) HochschülerInnenschaft an der Uni Graz Vertretung Was ist die ÖHAufgaben und Vertretung HochschulvertretungOberstes Gremium der ÖH Uni Graz VorsitzLeitet die Geschäfte der ÖH Uni Graz ReferateAktiv in vielen Themen FakultätsvertretungenNehmen sich fakultätsweiten Belangen an StudienvertretungenHier gehts um dein Studium SekretariatAdministrative und Organisatorische Unterstützung Studieren Sprechstunden & Kontakt Alle Bürozeiten und Kontaktinfos auf einen Blick Vor dem StudiumMaturantInnen- und Erstsemestrigenberatung Während des StudiumsBeratung und Unterstützung RechtsberatungJuristische Hilfe in kniffligen Fällen Leitfäden und BroschürenZum Durchblättern und Herunterladen Leben SozialesBeihilfen und Stipendien ArbeitAlles Rund ums Geldverdienen WohnenFür Fragen zu Mieten, WGs und Wohnungen SozialfondsUnterstützungsfonds der ÖH-Bundesvertretung SozialtopfUnterstützungsfonds der ÖH Uni Graz Studieren mit KindInformationen für Studierende mit Kind Projekte StudiengebührenFragen zu den Klagen gegen Studiengebühren? Dein ProjektDie ÖH Uni Graz unterstützt deine Idee BV-ProjekttopfProjektförderung der ÖH-Bundesvertretung Forum HochschuleDie Alternative zum Hochschulplan campusboard.atKostenlose Kleinanzeigen für Jobs und Wohnungen ÖH-LastenradGratis ausleihen Mitmachen Ausschreibungen der ÖH Uni Graz BlackboardAusschreibungen und Allfälliges Infos zu den ÖH-Wahlen 2017 UB wird neu ÖH WahlÖH Wahl 2017 ÖH Uni Graz Die gewählte Interessensvertretung der Studierenden der Karl-Franzens-Universität in Graz. Sie vertritt die Studierenden gegenüber der Universität & Politik und unterstützt auch dich! Mehr über die ÖH erfahren Infos zum StudiumÖH Schul- und MaturantInnenberatung Rechtsberatung Sekretariat Downloads & Broschüren IT Administration Referate Arbeitsreferat Kulturreferat Organisationsreferat Pressereferat queer – Referat Referat für ausländische Studierende Referat für Bildung und Politik Referat für feministische Politik Referat für Generationenfragen Referat für Internationales Referat für Menschen mit Behinderung Referat für Menschenrechte, Ökologie und Nachhaltigkeit Referat für Soziales Referat für Sport und Gesundheit Referat für wirtschaftliche Angelegenheiten NaWi Biologie Chemie Doktorat Naturwissenschaften Erdwissenschaften Molekularbiologie Mathematik Pharmazie Physik Psychologie GeWi Alte Geschichte und Altertumskunde Anglistik und Amerikanistik Doktorat Geisteswissenschaften Euro MACHS Germanistik Geschichte Klassische Archäologie Klassische Philologie Kunstgeschichte Musikologie Philosophie Romanistik Slawistik Spachwissenschaft Übersetzen und Dolmetschen Europäische Ethnologie SoWi Betriebswirtschaft Doktorat Sozial- und Wirtschaftswissenschaften Soziologie Volkswirtschaft Wirtschaftspädagogik URBI Geographie Lehramt Pädagogik Sportwissenschaften Umweltsystemwissenschaften Doktorat Umwelt-, Regional- und Bildugswissenschaften ReWi Rechtswissenschaften Theo Doktorat Theologie Katholische Fachtheologie Katholische Religionspädagogik Katholische Religion Religionswissenschaften & MA Ethik Interfakultär Gender Studies Global Studies Philosophie & Psychologie current tab: NeuigkeitenVeranstaltungenÖH-Links Neuigkeiten Wartungsarbeiten am 18.12. 18. Dezember 2017 Livestream der HV Sitzung 5. Dezember 2017 Ausschreibung: Unterstützung im Sekretariat und IT 7. November 2017 Ausschreibung: Leitung des ÖH-Wintergetränkestandes 3. November 2017 Weitere Neuigkeiten Veranstaltungen Es gibt derzeit keine bevorstehenden Veranstaltungen. ÖH-Links 3Aktion Interessentenformular Sprechstunden der ÖH Uni Graz Bundesvertretung ÖH campusboard.at Lastenrad Verleih HTU Graz ÖH Med Graz ÖH KUG ÖH Servicecenter Universität Graz studentenkurse.at Bildungspass Studienbeihilfen-Behörde ÖH-Lastenrad Du kannst dir das ÖH-Lastenrad GRATIS ausborgen! Wartungsarbeiten am 18.12. https://oehunigraz.at am 18.12. ab 16:30 vorübergehend nicht erreichbar! Sprechstunden & Kontakt Alle Bürozeiten und Kontaktinfos auf einen Blick Hochschülerinnen- und Hochschülerschaft an der Uni Graz, Schubertstraße 6a, 8010 Graz Kontakt beratung@oehunigraz.atBeratung: vorsitz@oehunigraz.atAllgemeine Anfragen: Design & Development by 7ads6x98y "
123,online-tuerschilder.de," Shop für Türschilder, Praxisschilder, Firmenschilder - Online-Türschilder.de Kundenservice Kundenservice Online Türschilder 0172 9262602 oder 0151 70818809 Mo - Do: 9.00 Uhr - 17.00 Uhr Fr: 9.00 Uhr - 15.00 Uhr Fax: 04124 8998977 Schreiben Sie uns Ihre Wünsche! Wir antworten Ihnen umgehend. info@online-tuerschilder.de Online-Türschilder.de - funktionale und dekorative Türschilder für den Innenbereich und Außenbereich Wir fertigen für Sie nach Ihren Angaben professionelle Türschilder jeder Art für gewerbliche sowie private Kunden und Wiederverkäufer. Ob Firmenschilder und Praxisschilder für drinnen und draußen oder Haustürschilder und Klingelschilder an Ihrer Wohnungstür, wir haben für Sie die optimale Lösung. Je nach Bedarf und Zweck sowie persönlichem Geschmack und Stil finden Sie bei uns im Shop Türschilder aus den unterschiedlichsten Materialien in attraktiven Designs. Die Palette reicht von Glas, Acrylglas, Edelstahl und Aluminium bis zu Holz, Naturstein, Messing und Keramik. Bieten Sie Ihren Kunden Übersicht und Information auf einem Firmenschild oder veredeln Sie Ihr Heim mit einem individuell gefertigten Türschild. Wir liefern das passende Produkt für Sie. Auf Wunsch beraten wir Sie bei der Gestaltung Ihrer Türschilder, gerne übernehmen wir auch den individuellen Druck für Ihre Betextung. Rufen Sie uns an oder schreiben Sie uns eine Mail und unser freundlicher Kundenservice berät Sie ausführlich über unsere Angebote für Türschilder auch bei größeren Mengen (Staffelpreise)! Verschiedene Beschilderungssysteme für Ihr Unternehmen und den öffentlichen Bereich Optisch ansprechend und informativ gestaltete Schilder an den Türen sind die Visitenkarte Ihrer Firma und Praxis oder Ihres Zuhauses. Der Besucher, Gast und Kunde erhält über das Schild einen unmittelbar haftenden bleibenden ersten Eindruck. Daher sollten die Schilder zu Ihnen und Ihrem Image oder dem Ihrer Firma passen und gleichzeitig wichtige Informationen liefern. Um Ihnen eine große Auswahl nach Ihren persönlichen Vorstellungen zu ermöglichen, haben wir in unserem gut sortierten und übersichtlich angeordneten Shop zahlreiche Beschilderungssysteme in den unterschiedlichsten Ausführungen und Formaten im Angebot. Auch für öffentliche Einrichtungen wie Schulen, Krankenhäuser und Seniorenheime sowie Rathäuser und Verwaltungsgebäude sind unsere Türschilder je nach Bauart geeignet. Die Vielfalt unserer Serien und Systeme ermöglicht Ihnen eine maßgeschneiderte Wahl je nach Einsatzort und Verwendungszweck sowie Art und Umfang der Beschriftung. Sie können das Folienmaterial selber bedrucken oder nach Ihrer Vorlage von uns bedrucken lassen. Wir beraten Sie bei Online-Türschilder.de gerne. Praxisschilder und Firmenschilder Für Ihre Praxis oder Kanzlei, Ihre Firma oder Ihr Büro und Geschäft finden Sie bei uns schlicht-dezent oder edel und stilvoll wirkende Schilder aus modernen Materialien wie Glas, Acrylglas und Edelstahl sowie Aluminium. Je nach Modell sind die Schilder mit Befestigungsmaterial ausgestattet, weiteres Zubehör sowie Folie für die Beschriftung erhalten Sie ebenfalls bei uns im Shop. Geprüfter sicherer Online-Shop mit individuellem Kundenservice Als geprüfter sicherer Online-Shop für Türschilder jeder Art bieten wir Ihnen verschiedene gängige Zahlmethoden sowie eine günstige Lieferung innerhalb Deutschlands und Europas. Die Sicherheit der Daten unserer Kunden hat dabei für uns selbstverständlich einen großen Stellenwert. Nutzen Sie gerne unseren fachkundigen Kundenservice für weitere Informationen. Die freundlichen Mitarbeiter von Türschilder-Online.de werden alle Ihre Fragen umfassend und zügig beantworten! Abstandshalter, Zierkappen und Distanzhülsen finden Sie in unserem Shop www.abstandshalter-online.com. Um Ihre Türschilder auszuwählen, klicken Sie bitte auf ein Bild der nachfolgenden Kategorien. Türschilder Türschilder Glas- Edelstahl short Türschilder Glas-Edelstahl Türschilder Marne Türschilder Mölln Türschilder Kosel - Acryl Türschilder Fehmarn Türschilder Veddel Türschilder Frei - besetzt Türschilder Flensburg Türschilder Vollerwiek Türschilder Husum Türschilder Büsum Aussenschilder und Praxisschilder Aussenschilder Glas-Edelstahl A4 Aussenschilder Glas-Edelstahl A2 Aussenschilder Acryl Aussenschilder 350 x 500 mm Haustürschilder Haustürschilder Einhorn Haustürschilder Weber Haustürschilder Kelterborn Haustürschilder Völkner Haustürschilder 23 Haustürschilder 11a Haustürschilder we are Family Haustürschilder 13a Klingelschilder Klingelschilder 28 Klingelschilder Sommer Klingelschilder Lilly Klingelschilder Hütte Keramikschilder Türschilder Keramik Westerhever Leuchtturm Türschilder Keramik rot - weißer Leuchtturm Türschilder Keramik Katzen auf Dach Türschilder Keramik Sonnenblume Türschilder Keramik ein Segelboot Türschilder Keramik Vogel und hier wohnen Türschilder Keramik schwarzbraun Türschilder Keramik Haus und hier wohnt Messingschilder Messingschilder Messingschilder Messingschilder Messingschilder Messingschilder Messingschilder Messingschilder Messingschilder Online-Türschilder - von Firmenschilder bis zu Haustürschilder Vielseitig einsetzbare Firmenschilder und Praxisschilder für den Außen- und Innenbereich bestellen Sie bei uns in der gewünschten Menge (Staffelpreise) oder praktischerweise bei Bedarf ergänzt mit weiteren Produkten aus der jeweiligen Serie. Dazu gehören große mehrteilige Schilder als Wegweiser zum Beispiel für Firmengebäude ebenso wie Frei-/Besetzt-Schilder sowie Tischaufsteller für Konferenzräume. Für den Außenbereich lassen sich die Schilder durch passende Pylone und Stelen im Corporate Design Ihrer Firma ergänzen. Besuchen Sie unsere Galerie und klicken Sie die jeweiligen Produkte an. Jedes Türschild wird im Bild vorgestellt sowie ausführlich beschrieben. Dort finden Sie Angaben, in welchen Formaten und Größen die Schilder der jeweiligen Serie erhältlich sind. Anschließend bestellen Sie einfach und schnell online und erhalten vom Entwurf bis zu Fertigung und Lieferung alle Leistungen aus einer Hand. Auf Wunsch sind Ansichtsmuster und Sonderanfertigungen erhältlich. Eine persönliche Note für den privaten Eingangsbereich Ob edle Messingschilder und gediegene Natursteinschilder oder familiär gestaltete Keramikschilder mit individuellen Motiven von Leuchtturm bis Sonnenblume, bei Online-Türschilder.de gibt es für jeden Geschmack die geeigneten Haustürschilder. Eine Besonderheit sind unsere neuen Keramikschildern mit Kristallen, eingearbeitete Strass-Steine lassen Ihre Namen und Ihr Haustürschild strahlen. In unserem Shop finden Sie eine umfangreiche Auswahl an Schildern für Ihre Haustür, die Sie ganz einfach per Mausklick mit Ihrem gewünschten Schriftzug oder Ihrem Wunschfoto versehen und online bestellen können. Ihrer Fantasie sind dabei kaum Grenzen gesetzt: Ein lustiger Spruch, Ihr Nachname oder eine Nachricht an Ihre Gäste; alles ist mit diesen vielseitigen Schildern möglich. Türschilder für besondere Anforderungen Für spezielle Anforderungen wie den Vandalismus haben wir ausgewählte Türschilder im Angebot. Viele unserer Türschilder können mit Brailleschrift oder Pyramidenschrift für sehbehinderte Personen ausgestattet werden. Nutzen Sie gerne unseren Kundenservice für weitere Informationen. Unsere Mitarbeiter werden alle Ihre Fragen umfassend und schnell beantworten! Kategorien Türschilder Haustürschilder mit Beschriftung Klingelschild mit Beschriftung Acrylschilder Außenschilder Frei besetzt Schild Praxisschilder Wanddisplays - Tischaufsteller Hausnummern Edelstahl Keramikschilder Messingschilder Haustürschilder Naturstein Bodenständer Haustürschilder Emailleschilder Abstandshalter in unserem Shop Fluchtwegeschilder Fahnenschilder Laserfolien - Türschilder Boxenschilder Namensschilder Stelen Tischaufsteller Wertgutscheine - Türschilder Hausnummern Edelstahl Klapprahmen regenfest Prospektständer - Prospekthalter Suche Erweiterte Suche » Günstige Versandkosten Deutschland ab 4,95 Euro BeNeLux ab 7,95 Euro Österreich ab 7,95 Euro Schweiz ab 7,95 Euro Dänemark 12,7 Euro Tschech.Rep. 12,7 Euro Frankreich 13,2 Euro Großbritanien 13,2 Euro Ungarn 16,2 Euro Polen 16,2 Euro Italien 16,2 Euro Internetsiegel Shoppen Sie mobil! Bezahlen Sie Sichere Zahlung mit SSL Zertifikat. - per Paypal - auf Rechnung - per Bankeinzug - per Kreditkarte - per Vorkasse - per Sofortüberweisung - per Bankeinzug Österreich Login Passwort: Passwort vergessen? Startseite Login | Merkzettel | Ihr Konto | Warenkorb | Kasse Mehr über... Liefer- und VersandkostenPrivatsphäre und DatenschutzAGB & InfoImpressumGutscheineKontakt Online-Türschilder.deSitemap Online-Türschilder.deWiderrufsrecht Informationen Unser TeamBriefpapier und VisitenkartenWiderrufsformularDownloadsPaypalRechnungBankeinzugKreditkarteSofortüberweisungLastschrift für ÖsterreichVorkasseUnsere Mediathek Wissenswertes Montageanleitung FolienschriftenProof oder PrüfdruckAußenschilder Online-Türschilder.deInnenschilderEmailleKaschierung für Ihre TürschilderESG - GlasFloatglasRAL FarbenEdelstahlDigitaldruckHochleistungsfolien Wortwolke Piktogramme Ziehen türschild familie Türschilder Piktogramme Vorsicht Stufe Piktogramme Speiseraum Haustürschilder Kelterborn Piktogramme Umkleide Damen Black Friday Haustürschilder 13b Hautürschilder Hunde © 2017 - Online-Türschilder.de "
124,ostsee-vermittlung.de," Ostsee-Urlaub mit 4-5 Sternen | Ostsee-Vermittlung Home Ferienhäuser Wellness-Häuser Exklusive Ferienhäuser Ferienhäuser für 5+ Personen Ferienwohnungen Ferienwohnungen für 2 Personen Exklusive Ferienwohnungen Günstige Ferienwohnungen Wellness-Wohnungen Angebote Unsere Angebote Last-Minute Grömitz Ferienhäuser in Grömitz Ferienwohnungen in Grömitz Ihr Urlaub Impressionen Familienurlaub Urlaub mit Hund Urlaub mit Kindern Urlaub auf dem Bauernhof Urlaub auf dem Land Aktivurlaub Wellness Ostsee - unglaublich entspannt Ostsee Urlaubsorte Ausflugsziele Land & Leute Unterwegs Ostseecard Service Über Ostsee-Vermittlung Unsere Philosophie Informationen für Vermieter Jobs Bewertungen Klassifizierung Unser Prospekt Gutscheine Unsere AGB Reiseversicherungen Kontakt MenuHomeFerienhäuser- Wellness-Häuser- Exklusive Ferienhäuser- Ferienhäuser für 5+ PersonenFerienwohnungen- Ferienwohnungen für 2 Personen- Exklusive Ferienwohnungen- Günstige Ferienwohnungen- Wellness-WohnungenAngebote- Unsere Angebote- Last-MinuteGrömitz- Ferienhäuser in Grömitz- Ferienwohnungen in GrömitzIhr Urlaub- Impressionen- Familienurlaub- Urlaub mit Hund - Urlaub mit Kindern- Urlaub auf dem Bauernhof- Urlaub auf dem Land- Aktivurlaub- Wellness Ostsee - unglaublich entspanntOstsee- Urlaubsorte- Ausflugsziele- Land & Leute- Unterwegs- OstseecardService- Über Ostsee-Vermittlung- Unsere Philosophie- Informationen für Vermieter- Jobs- Bewertungen- Klassifizierung- Unser Prospekt- Gutscheine- Unsere AGB- Reiseversicherungen- Kontakt PreviousNext12345678910 Finden Sie Ihr 4 und 5 Sterne Ferien-Domizil für Ihren Ostsee-Urlaub: Alle Objekte im Überblick Ort Bliesdorf Grömitz Harmsdorf Rettin Neustadt-Pelzerhaken Lenste Typ Ferienwohnung Ferienhaus Wellnesshaus Zimmer Bungalow Strohdachhaus Wellnesswohnung Erwachsene 1 2 3 4 5 6 7 8 9 Kinder 1 2 3 4 5 6 7 8 9 Sterne 4 5 Ostsee-Urlaub erster Wahl: Wohnen in exklusiven 4 & 5 Sterne Ferienhäusern & Ferienwohnungen Wir begrüßen Sie auf unserem Internetportal rund um Ihren nächsten Ostsee-Urlaub. Die Ostsee-Vermittlung präsentiert Ihnen ausschließlich 4- und 5-Sterne Ferienwohnungen und -häuser entlang der Ostseeküste. Finden und buchen Sie bei uns die schönsten Unterkünfte an der Ostsee und erleben Sie einen traumhaften Urlaub. Wir bieten Ihnen ausschließlich Premium-Feriendomizile für Ihren Ostsee-Urlaub. Egal, ob Sie abwechslungsreiche oder entspannte Tage erleben wollen: Genießen Sie in einem unserer Objekte Wellness an der Ostsee und laden Sie Ihre Akkus neu auf. Entdecken Sie bei uns die passende Unterkunft für einen kunterbunten Familienurlaub, einen sportlichen Aktiv-Urlaub oder einen relaxten Urlaub an der Ostsee mit Hund - wir haben für jeden Ihrer Pläne die passende Ferienwohnung oder das passende Ferienhaus an der Ostsee in unserem Programm. Rügen kennt jeder - aber kennen Sie die echten Geheimtipps an der Ostseeküste? Lassen Sie sich überraschen!Sie sind Vermieter und haben ein Ferienhaus oder eine Ferienwohnung an der Ostseeküste das unseren Standards für exklusiven Ostsee-Urlaub entspricht? Gerne helfen wir Ihnen dabei, diese erfolgreich zu vermitteln. Präsentieren Sie Ihre Ferienwohnung oder Ihr Ferienhaus an der Ostsee doch einfach auf unserem Portal. Auf Wunsch bieten wir Ihnen weitere technische Möglichkeiten an – wie zum Beispiel unser Buchungssystem für Ostseeurlaub und vieles mehr. Sprechen Sie uns an! Urlaubsplanung leicht gemacht! Ab sofort haben Sie bei uns die Möglichkeit Ihre Unterkunft auch online zu buchen. Gerade abends oder am Wochenende hat man die Zeit und Muse, sich mit der nächsten Reiseplanung zu beschäftigen. Gemütlich auf dem Sofa nach den passenden Ferienobjekten zu stöbern und direkt buchen geht nur online. Selbstverständlich freuen wir uns dennoch weiterhin über Ihre telefonischen Buchungsanfragen. Hier haben wir die Möglichkeit ganz individuell auf Ihre Wünsche einzugehen. Die Online-Buchbarkeit hat also Vor- und Nachteile. Online Buchung Hinweis Der Mindestaufenthalt bei einer Online-Buchung beträgt 7 Nächte. Bitte versuchen Sie bei Ihrer Reiseplanung möglichst an Anschlusszeiten festzuhalten (entweder am Beginn oder am Ende Ihres geplanten Aufenthaltes), sofern nicht ein Zeitraum von mindestens 7 Tagen zwischen der Vorbuchung und der von Ihnen gewünschten Buchung liegt. Sollte dies nicht der Fall sein, halten wir uns die Möglichkeit vor, die Buchung zu stornieren. Prospekt Bestellung Unser Prospekt Sollten Sie keine freien Zeiten für sich finden, dann klicken Sie gern hier und bestellen sich unseren kostenlosen Prospekt, den wir Ihnen gern zuschicken. Hier bestellen Reetdachhausferien pur Lieblingsplatz **** Die große Ferienwohnung im gemütlichen Reetdachhaus in Lenste (nahe Grömitz) ist mit Sauna ausgestattet und bietet Platz für bis zu sechs Personen. Der große Garten mit Liegen und Strandkorb lädt zum Verweilen ein. Entfernung zum Strand ca. 1,5 km. ... mehr lesen Zweisamkeit genießen Kleine Flucht **** Die ruhig in Lenste (nahe Grömitz) gelegene Wohnung befindet sich im Parterre eines wunderschönen Reetdachhauses. Sie bietet Ihnen eine schön angelegte Terrasse mit Zugang zum hauseigenen Garten, wo Sie es sich im Strandkorb gemütlich machen können. ... mehr lesen Das besondere Domizil Windrose **** Das gemütlich eingerichtete Ferienhaus befindet sich in exklsiver Lage von Grömitz und lässt keine Wünsche offen. In nur wenigen Gehnminuten erreichen Sie den feinsandigen Strand- Die Terrasse mit Garten und Rosenpavillon laden zum Verweilen ein. ... mehr lesen Atemberaubender Ostseeblick Meeresrauschen **** Das schöne Penthouse mit atemberaubenden Ostseeblick liegt in Neustadt-Pelzerhaken und wurde 2014 mit viel Liebe zum Detail eingerichtet. Sie wohnen in erster Reihe und haben von Ihrer 36qm großen Dachterrasse einen Blick über die gesamte Lübecker Bucht. ... mehr lesen Oma, Opa und Meer! ""Weg vom Alltag und ganz dolle Oma und Opa sein dürfen. Grüße von Inge,Tom und Enkelin Nina!"" Zu den Angeboten Wir freuen uns ...... auf Ihre Bewertung Damit Ihr Ostsee-Urlaub von Anfang an ein Erfolg wird, verschaffen Sie sich doch einen umfangreichen Überblick über die Kundenmeinungen zu unserem Dienstleistungsangebot an der Ostsee.Zum Bewertungsportal ... Sie zu beraten! Unser Team ist für Sie telefonisch oder per Mail oder Fax erreichbar. Wir beraten Sie gern zu Ihrem nächsten Ostsee-Urlaub und schicken Ihnen auf Wunsch einen Prospekt zu.Zum Kontaktformular ... Sie zu informieren! Melden Sie sich zu unserem kostenlosen Ostseeurlaub-Newsletter an. Hören Sie immer als erster davon, wenn sich etwas bei uns tut, erhalten Sie Sonderangebote und vieles mehr.Zur Newsletteranmeldung ... auf Vermieter Sie vermieten eine Ferienwohnung oder ein Ferienhaus für Ostsee-Urlaub? Nutzen Sie doch unsere Plattform, um mehr Kunden auf Ihr Angebot aufmerksam zu machen.Mehr Informationen Unser besonderen Tipps an der Ostsee PreviousNext Sie fragen - Wir antworten! Wo kann man besonders schön an der Ostsee Urlaub machen?Die Ostsee bietet zahlreiche Urlaubsmöglichkeiten - je nach dem was Sie erleben möchten. Suchen Sie Ruhe und einsame Strände an der Ostseeküste für lange Spaziergänge? Oder möchten Sie lieber sportlich aktiv sein und die zahlreichen Wassersportmöglichkeiten nutzen, Golfen, Kiten, Reiten und Radeln? Vielleicht verreisen Sie auch mit der ganzen Familie und suchen gute Tipps, was man an der Ostsee alles unternehmen kann? Einen Überblick über die schönsten Urlaubsorte an der Ostsee finden Sie hier.Für wen ist ein Urlaub an der Ostsee zu empfehlen?Urlaub an der Ostsee ist immer eine gute Idee! Sie finden hier zahlreiche sportliche Möglichkeiten für Aktivurlaub, exklusive Wellnessangebote, lebhafte Uferpromenaden aber auch nahezu unberührte, wilde Strände. Auch für Allergiker ist ein Urlaub an der Ostsee aufgrund des milden Reizklimas sehr zu empfehlen. Erfahren Sie alles über die 1001-Möglichkeiten für einen traumhaften Ostsee-Urlaub.Warum sollte man an der Ostsee Urlaub machen?Die Ostsee ist nah, die Ostsee ist ein Stück Heimat. Wenn Sie keine Lust auf enge Hotelzimmer und überteuerte Flüge haben, lange Strandspaziergänge lieben und die Gemütlichkeit eines Strandkorbes der einer Plastikliege vorziehen – ohne von Strandverkäufern bedrängt zu werden – dann sind Sie an der Ostseeküste richtig. Genießen Sie Wind, Wellen, Sand und Meer und lassen Sie den Tag mit leckerer regionaler Küche und fangfrischem Fisch ausklingen - ganz ohne danach das Gefühl zu haben, bei den Preisen übers Ohr gehauen worden zu sein. Genießen Sie entspannte Tage an der Ostseeküste.Wo kann man schön Urlaub an der Ostsee mit Kind oder Kleinkind machen?Sind die Kinder im Urlaub glücklich, geht es meist auch den Eltern gut. Kindern reicht oft schon ein breiter Sandstrand, Spielkameraden und Eltern, die für Sie Zeit haben. Genießen Sie die zahlreichen Ausflugsmöglichkeiten an der Ostsee mit Ihrer Familie, behalten Sie an den flachen, breiten Sandstränden den Überblick und lassen Sie sich von der Entspanntheit anstecken, bei der auch Sie schnell zur Ruhe kommen werden. Erfahren Sie mehr über die die zahlreichen Ausflugsmöglichkeiten im Urlaub an der Ostsee mit Kind und lesen Sie die besten Tipps für Urlaub mit Kindern an der Ostsee.Was kostet eine Woche Ostsee-Urlaub?Urlaub an der Ostsee hat den entscheidenden Vorteil, dass Sie meist schon die Kosten für den Flug gespart haben – ein großer Anteil, wenn es um das Urlaubsbudget geht. Dann ist die Frage, ob Sie ein exklusives Wellness-Ferienhaus haben möchten, das vermutlich immer noch günstiger ist, als ein 10 qm Zimmer in einer Ferienhochburg oder eine gemütliche Ferienwohnung mit Kamin. Wir bieten Ihnen eine große Auswahl an sorgfältig ausgewählten Objekten an der Ostsee an und Sie entscheiden und wählen ganz nach Ihrem Budget aus, was Ihr Urlaub an der Ostsee kosten soll. Damit liegen Sie immer richtig! Der direkte Weg zu unserem Kontaktformular: Schreiben Sie uns! Das Projekt Die Ostsee-Vermittlung wurde 2010 vom Ferienhof Bendfeldt ins Leben gerufen, um die vielen hervorragenden Ferienwohnungen und Ferienhäuser im 4 und 5 Sterne Segment für Ostsee-Urlaub, einem breiteren Publikum bekannt zu machen. Besuchen Sie uns auch auf auf unserer Facebook- Fanpage Mehr Informationen gibt es auch in unserem Blog Ausflugs-Tipps: Schinkenräucherei Braasch Hansapark - Sierksdorf Sealife - Timmendorfer Strand Tauchgondel in Grömitz Hochseilgarten Travemünde Subtropisches Badeparadies Hamburg Dungoen Zoo - Grömitz | Kontakt | Impressum | Datenschutz & Sicherheit | AGB | Newsletter | Sitemap | To Top"
125,paintball-shop-leipzig.de," Paintball Shop Leipzig - Paintball Shop Leipzig - Großes Sortiment auf Lager!: Deutschland Wohnort Wohnort Deutschland Österreich Polen Schweiz Kundenlogin Kundenlogin Konto erstellen Passwort vergessen? Merkzettel 0 Suche Alle Alle Paintball Markierer Paintball Sparpakete Sale % HP und Co2 Zubehör Merchandising Paintball Battlepacks Paintball Bekleidung Freizeitbekleidung Paintball Caliber 50 / 43 Paintball Ersatzteile Paintball Läufe / Laufset Paintball Loader Paintball Markierer Zubehör Paintball Masken Paintball Pots Paintball Taschen Paintball Westen Paintball Zubehör Paintballs Reinigung / Pflege Scenario / Woodland Softair Spielfeldzubehör gebraucht / A&V Eclipse Alle Paintball Markierer Paintball Sparpakete Sale % HP und Co2 Zubehör Merchandising Paintball Battlepacks Paintball Bekleidung Freizeitbekleidung Paintball Caliber 50 / 43 Paintball Ersatzteile Paintball Läufe / Laufset Paintball Loader Paintball Markierer Zubehör Paintball Masken Paintball Pots Paintball Taschen Paintball Westen Paintball Zubehör Paintballs Reinigung / Pflege Scenario / Woodland Softair Spielfeldzubehör gebraucht / A&V Eclipse Suche... Erweiterte Suche Ihr Warenkorb 0,00 EUR Sie haben noch keine Artikel in Ihrem Warenkorb. Impressum Ratenkauf Anfahrt Ladenlokal Anleitungen Tech-Service Altersnachweis Impressum Ratenkauf Anfahrt Ladenlokal Anleitungen Tech-Service Altersnachweis Weitere Paintball Markierer Paintball Sparpakete Sale % HP und Co2 Zubehör HP und Co2 Zubehör anzeigen Co2 Zubehör Hp Cover HP Flaschen HP Zubehör HP und Co2 Zubehör anzeigen Merchandising Paintball Battlepacks Paintball Bekleidung Paintball Bekleidung anzeigen Kopf Paintball Hose / Pant Paintball Jersey Schutzbekleidung Paintball Bekleidung anzeigen Freizeitbekleidung Paintball Caliber 50 / 43 Paintball Ersatzteile Paintball Läufe / Laufset Paintball Loader Paintball Loader anzeigen Loader / Hopper Loader Zubehör Paintball Loader anzeigen Paintball Markierer Zubehör Paintball Markierer Zubehör anzeigen Griffschalen / Grips Tuning Zubehör Paintball Markierer Zubehör anzeigen Paintball Masken Paintball Masken anzeigen Dye Snow / Helme Masken Maskenzubehör Paintball Masken anzeigen Paintball Pots Paintball Taschen Paintball Westen Paintball Westen anzeigen Westen Westenzubehör Paintball Westen anzeigen Paintball Zubehör Paintballs Reinigung / Pflege Scenario / Woodland Softair Spielfeldzubehör gebraucht / A&V Eclipse Eclipse anzeigen Eclipse 1 Eclipse 2 Eclipse 3 Eclipse anzeigen Deutschland Wohnort Wohnort Deutschland Österreich Polen Schweiz Kundenlogin Kundenlogin Konto erstellen Passwort vergessen? Merkzettel Startseite Unsere Empfehlungen TOP Paintballs 2000 Stück - Store bestand Lieferzeit: ca. 1-2 Tage 30,00 EUR TOP Walther PPQ RAM, cal. .43 Lieferzeit: Im Store und Lieferbar ab 229,90 EUR TOP Paintball Markierer Tippmann TMC 68 Mag Fed... Lieferzeit: ca. 1-2 Tage ab 209,95 EUR TOP Paintball Markierer Planet Eclipse ETHA 2... Lieferzeit: ca. 1-2 Tage ab 429,00 EUR TOP Red Dot Visier Tactical Reflex mit Top Sichtfeld... Lieferzeit: nicht Lieferbar ! 44,95 EUR TOP Smart Parts eXTCy Paintball Package Lieferzeit: ca. 1-2 Tage 279,00 EUR TOP Paintball Markierer Tiberius T15 Lieferzeit: nicht Lieferbar ! ab 749,95 EUR TOP -19% Atom 6 Projektile / Paintballs Atomic Pickle... Lieferzeit: ca. 1-2 Tage UVP 29,95 EUR Nur 24,00 EUR TOP Paintballs 2000 Stück - Store bestand Lieferzeit: ca. 1-2 Tage 30,00 EUR TOP Walther PPQ RAM, cal. .43 Lieferzeit: Im Store und Lieferbar ab 229,90 EUR TOP Paintball Markierer Tippmann TMC 68 Mag Fed... Lieferzeit: ca. 1-2 Tage ab 209,95 EUR TOP Paintball Markierer Planet Eclipse ETHA 2... Lieferzeit: ca. 1-2 Tage ab 429,00 EUR TOP Red Dot Visier Tactical Reflex mit Top Sichtfeld... Lieferzeit: nicht Lieferbar ! 44,95 EUR TOP Smart Parts eXTCy Paintball Package Lieferzeit: ca. 1-2 Tage 279,00 EUR Angebote -7% ETHA LT Planet Eclipse .68 Cal schwarz Sparpaket... Lieferzeit: ca. 1-2 Tage UVP 429,00 EUR Ab nur 399,00 EUR -7% Dangerous Power G5 black/black Lieferzeit: ca. 1-2 Tage UVP 379,00 EUR Ab nur 349,00 EUR -13% Smart Parts eXTCy + Gratis E-Loader Lieferzeit: ca. 1-2 Tage UVP 229,95 EUR Ab nur 199,00 EUR -4% Tippmann TPX Pistole ( neues Modell TiPX... Lieferzeit: ca. 1-2 Tage UVP 269,95 EUR Ab nur 259,00 EUR Paintball Markierer Proto MaXXed Rail - black... Lieferzeit: nicht Lieferbar ! UVP 299,95 EUR Ab nur 329,00 EUR -2% Tippmann Stryker MP2 Elite Marker Black Lieferzeit: ca. 1-2 Tage UVP 374,95 EUR Nur 365,00 EUR -31% DYE I4 PRO Invision Thermal Paintball Maske... Lieferzeit: ca. 1-2 Tage UVP 129,95 EUR Ab nur 89,00 EUR -6% New Legion AK47W Lieferzeit: ca. 1-2 Tage UVP 299,00 EUR Ab nur 279,00 EUR TOP -19% Atom 6 Projektile / Paintballs Atomic Pickle... Lieferzeit: ca. 1-2 Tage UVP 29,95 EUR Nur 24,00 EUR Neue Artikel NEU Paintball Maske Virtue VIO Extend Graphic... Lieferzeit: ca. 1-2 Tage 149,95 EUR NEU Paintball Maske V-Force Grill SE Grunge Cubic... Lieferzeit: ca. 1-2 Tage 149,95 EUR NEU Tippmann TPX Zeta Magazin 20-Ball / First... Lieferzeit: ca. 1-2 Tage 33,90 EUR NEU Paintball Maske Virtue VIO Ascend schwarz... Lieferzeit: ca. 1-2 Tage 89,95 EUR NEU Paintball Maske V-Force Grill SF Cobra schwarz... Lieferzeit: ca. 1-2 Tage 119,95 EUR NEU Paintball Maske Virtue VIO Extend Graphic... 149,95 EUR NEU Paintball Maske Virtue VIO Extend Graphic... Lieferzeit: ca. 1-2 Tage 149,95 EUR NEU Paintball Maske V-Force Grill SE Samurai... Lieferzeit: ca. 1-2 Tage 149,95 EUR NEU Paintball Maske Virtue VIO Ascend schwarz... Lieferzeit: ca. 1-2 Tage 89,95 EUR NEU Paintball Maske V-Force Grill lime / schwarz... Lieferzeit: ca. 1-2 Tage 109,95 EUR NEU GEO CS1.5 Planet Eclipse .68 Cal Titan Limited... Lieferzeit: ca. 1-2 Tage 1.799,00 EUR NEU Paintball Maske Virtue VIO Ascend schwarz... Lieferzeit: ca. 1-2 Tage 89,95 EUR NEU GEO CS1.5 Planet Eclipse .68 Cal Banzai2... Lieferzeit: ca. 1-2 Tage 1.799,00 EUR NEU GEO CS1.5 Planet Eclipse .68 Cal Riddle Splash... Lieferzeit: ca. 1-2 Tage 1.799,00 EUR NEU Paintball Maske Virtue VIO Extend Graphic... Lieferzeit: ca. 1-2 Tage 149,95 EUR NEU Paintball Maske Virtue VIO Extend Graphic... Lieferzeit: ca. 1-2 Tage 149,95 EUR NEU Paintball Maske V-Force Grill SE Grunge Cubic... Lieferzeit: ca. 1-2 Tage 149,95 EUR NEU Tippmann TPX Zeta Magazin 20-Ball / First... Lieferzeit: ca. 1-2 Tage 33,90 EUR NEU Paintball Maske Virtue VIO Ascend schwarz... Lieferzeit: ca. 1-2 Tage 89,95 EUR NEU Paintball Maske V-Force Grill SF Cobra schwarz... Lieferzeit: ca. 1-2 Tage 119,95 EUR NEU Paintball Maske Virtue VIO Extend Graphic... 149,95 EUR Paintball Markierer Paintball Sparpakete Sale % HP und Co2 Zubehör HP und Co2 Zubehör anzeigen Co2 Zubehör Hp Cover HP Flaschen HP Zubehör Merchandising Paintball Battlepacks Paintball Bekleidung Paintball Bekleidung anzeigen Kopf Paintball Hose / Pant Paintball Jersey Schutzbekleidung Freizeitbekleidung Paintball Caliber 50 / 43 Paintball Ersatzteile Paintball Läufe / Laufset Paintball Loader Paintball Loader anzeigen Loader / Hopper Loader Zubehör Paintball Markierer Zubehör Paintball Markierer Zubehör anzeigen Griffschalen / Grips Tuning Zubehör Paintball Masken Paintball Masken anzeigen Dye Snow / Helme Masken Maskenzubehör Paintball Pots Paintball Taschen Paintball Westen Paintball Westen anzeigen Westen Westenzubehör Paintball Zubehör Paintballs Reinigung / Pflege Scenario / Woodland Softair Spielfeldzubehör gebraucht / A&V Eclipse Eclipse anzeigen Eclipse 1 Eclipse 2 Eclipse 3 Deutschland Wohnort Wohnort Deutschland Österreich Polen Schweiz Kundenlogin Kundenlogin Konto erstellen Passwort vergessen? Merkzettel Angebote Tippmann TPX Pistole ( neues Modell TiPX ) UVP 269,95 EUR Ab nur 259,00 EUR Hersteller Bitte wählenannexArmotechAzodinBauerBTBunkerkingDangerous PowerdeadlywindDerderDLXDraxxusDyeDynamic Sports ..EmpireEnolaExaltG.I.GoblinGXGHard CorpsHK ArmyHonorCoreJTLuxeManufacturerMILSIGNew LegionNinjaNXePaintball KönigPlanet EclipsePro SharPro-TecProtoProtoyzSLYSmart PartsSpyderStakoTiberiusTippmannUmarexValkenVForceVirtueWaltherxLin Quicklinks Warenkorb Versandkosten Kontakt AGB Altersnachweis Datenschutz Anleitungen Groessentabellen Sicher bezahlen Wir versenden mit Shopsystem by Gambio.de © 2017 {{#title}} {{title}} {{/title}} {{{items.src}}} {{#showButtons}} {{#buttons}} {{name}} {{/buttons}} {{/showButtons}} {{#content}} {{.}} {{/content}} {{#content}} {{{.}}} {{/content}} "
126,parfuemversand.de," Marken-Onlineparfümerie | Parfüm günstig im Onlineshop kaufen Sehr gut4.89/5.00Zertifiziert seit 22.02.2017×Zertifizierter Shop 04105 - 137603 Mo - Fr, 10 - 13 Uhr Kundenlogin Kundenlogin Konto erstellen Passwort vergessen? Merkzettel 0 Duft, Marke suchen Alle Alle Damendüfte Herrendüfte Sonderangebote Pflege Schmuck Geschenk-Sets Alle Damendüfte Herrendüfte Sonderangebote Pflege Schmuck Geschenk-Sets Duft, Marke suchen Erweiterte Suche Ihr Warenkorb 0,00 EUR Sie haben noch keine Artikel in Ihrem Warenkorb. Damendüfte Damendüfte anzeigen Annayake Annayake anzeigen Annayake AN NA Annayake Love Her Annayake pour Elle Aquolina Aquolina anzeigen Aquolina Pink Sugar Aquolina Pink Sugar Sensual Azzaro Benetton Benetton anzeigen Benetton Hot Gold Benetton Rosso Boss Boss anzeigen Hugo Boss Boss Orange Hugo Boss Boss Orange Sunset Hugo Boss Deep Red Hugo Boss Femme Hugo Boss Hugo XX woman Hugo Boss Jour pour femme Hugo Boss Ma Vie pour femme Hugo Boss Nuit pour femme Hugo Boss woman Boucheron Boucheron anzeigen Boucheron Boucheron Boucheron Jaipur Bracelet Britney Spears Britney Spears anzeigen Britney Spears Believe Britney Spears Curious Burberry Burberry anzeigen Burberry Body Burberry Body Tender Burberry Brit Rhythm for her Burberry Brit Sheer Burberry Brit woman Burberry for woman Burberry London for Woman Burberry My Burberry Burberry the Beat Burberry Touch women Burberry Weekend for woman Bvlgari Bvlgari anzeigen Bvlgari Aqva Divina Bvlgari Black Bvlgari BLV II Eau de Parfum Bvlgari Mon Jasmin Noir Bvlgari Omnia Amethyste Bvlgari Omnia Coral Bvlgari Omnia Crystalline Bvlgari Omnia Crystalline L'eau de Parfum Bvlgari Omnia Indian Garnet Bvlgari pour femme Calvin Klein Calvin Klein anzeigen Calvin Klein Beauty Calvin Klein CK be Calvin Klein CK one Calvin Klein CK one Summer 2014 Calvin Klein CK one Summer 2015 Calvin Klein CK one Summer 2016 Calvin Klein CK2 Calvin Klein Contradiction woman Calvin Klein Downtown Calvin Klein Escape woman Calvin Klein Eternity Moment Calvin Klein Eternity woman Calvin Klein Euphoria woman Calvin Klein IN2U her Calvin Klein Obsession Night Calvin Klein Obsession woman Calvin Klein Secret Obsession Calvin Klein Sheer Beauty Calvin Klein Truth women Carolina Herrera Carolina Herrera anzeigen Carolina Herrera 212 VIP Carolina Herrera 212 woman Cartier Cartier anzeigen Cartier Baiser Volé Cartier de Lune Cartier Eau de Cartier Cartier Eau de Cartier Zeste de Soleil Cartier La Panthere Cartier Must De Cartier Cerruti Cerruti anzeigen Cerruti 1881 woman Chanel Chanel anzeigen Chanel Chance Chanel Coco Chanel No. 5 Chloe Chloe anzeigen Chloe Fleur de Parfum Chloe Love Story Chloe Love Story Eau de Toilette Chloe Love Story Eau Sensuelle Chopard Chopard anzeigen Chopard Casmir Chopard Enchanted Chopard Wish Christina Aguilera Christina Aguilera anzeigen Christina Aguilera Inspire Clinique Clinique anzeigen Clinique Aromatics Elixir Clinique Aromatics in White Clinique Happy Creed Millesime Davidoff Davidoff anzeigen Davidoff Cool Water Night Dive Davidoff Cool Water Wave Davidoff Cool Water woman Davidoff Echo woman Dior Dior anzeigen Dior Dolce Vita Dior Dune Dior Hypnotic Poison Dior Hypnotic Poison Eau Secrete Dior Jadore Dior Poison Dior Pure Poison Dolce & Gabbana Dolce & Gabbana anzeigen Dolce & Gabbana Dolce Dolce & Gabbana Light Blue Donna Karan NY Donna Karan NY anzeigen DKNY Be Delicious DKNY women Dsquared² Dsquared² anzeigen Potion for Woman She Wood Elisabeth Arden Elisabeth Arden anzeigen Elisabeth Arden Green Tea Elisabeth Arden Red Door Elisabeth Arden Sunflowers Elizabeth Arden 5th Avenue Elizabeth Arden 5th Avenue After Five Escada Escada anzeigen Escada Absolutely Me Escada Island Kiss Escada Magnetism Escada Sexy Graffiti Giorgio Beverly Hills Giorgio Beverly Hills anzeigen Giorgio Beverly Hills Giorgio Giorgio Beverly Hills Giorgio G Givenchy Givenchy anzeigen Givenchy Hot Couture Givenchy Ysatis Gucci Gucci anzeigen Gucci Bamboo Gucci Envy Me Gucci Guilty Black Pour Femme Gucci Premiere Gucci Rush Gucci Rush 2 Guerlain Guerlain anzeigen Guerlain Idylle Guerlain Shalimar Hermes Hermes anzeigen Hermes 24 Faubourg Iceberg Iceberg anzeigen Iceberg Twice woman Iceberg woman Issey Miyake Issey Miyake anzeigen Issey Miyake L Eau D Issey Issey Miyake L Eau D Issey Absolue Issey Miyake Pleats Please J. Lo Jennifer Lopez J. Lo Jennifer Lopez anzeigen J. Lo Glow J. Lo Glow After Dark J. Lo Rio Glow James Bond 007 Jean Louis Scherrer Jean Louis Scherrer anzeigen Jean Louis Scherrer 2 woman Jean Paul Gaultier Jean Paul Gaultier anzeigen Jean Paul Gaultier Classique Jean Paul Gaultier Ma Dame Jessica Simpson Jil Sander Jil Sander anzeigen Jil Sander Evergreen Jil Sander No.4 Jil Sander Pure Jil Sander Sport Water woman Jil Sander Sport woman Jil Sander Style Jil Sander Style Soft Jil Sander Stylessence Jil Sander Sun Jil Sander Sun Delight Jil Sander Sun Rise John Galliano John Galliano anzeigen John Galliano John Galliano Joop! Joop! anzeigen Joop! All about Eve Joop! femme Joop! le Bain Joop! Miss Wild Kenzo Kenzo anzeigen Kenzo Flower Kenzo Flower Tag Kenzo Jungle L Elephant Kenzo L Eau Par femme Kenzo Madly Kenzo Kenzo Parfum d ete Lacoste Lacoste anzeigen Lacoste Eau de Lacoste pour Femme Lacoste pour femme Lagerfeld Lagerfeld anzeigen Lagerfeld for woman Lanvin Laura Biagiotti Laura Biagiotti anzeigen Laura Biagiotti Essenza di Roma Laura Biagiotti Laura Laura Biagiotti Roma Laura Biagiotti Venezia Lolita Lempicka Lolita Lempicka anzeigen Lolita Lempicka Le Premier Morsure d Amour Lolita Lempicka Le Premier Parfum Lolita Lempicka Si Lolita Marc Jacobs Marc Jacobs anzeigen Marc Jacobs Decadence Mexx Mexx anzeigen Mexx woman Moschino Moschino anzeigen Moschino Cheap & Chic Moschino Cheap & Chic Hippy Fizz Moschino Cheap & Chic I Love Love Moschino Cheap & Chic Light Clouds Moschino Funny! Moschino pour femme Narciso Rodriguez Narciso Rodriguez anzeigen Narciso Rodriguez Narciso One Direction One Direction anzeigen One Direction Our Moment Paco Rabanne Paco Rabanne anzeigen Paco Rabanne Black XS Potion for Her Paco Rabanne Lady Million Paco Rabanne Olympea Paco Rabanne Ultraviolet woman Paris Hilton Prada Prada anzeigen Prada Candy Prada Candy Kiss Rihanna Rihanna anzeigen Rihanna Nude Roberto Cavalli Roberto Cavalli anzeigen Roberto Cavalli Eau de Parfum Rochas Rochas anzeigen Rochas Femme Rochas Tocade Slava Zaitsev Slava Zaitsev anzeigen Maroussia Thierry Mugler Thierry Mugler anzeigen Thierry Mugler Alien Thierry Mugler Alien Eau Extraordinaire Thierry Mugler Angel Tommy Hilfiger Tommy Hilfiger anzeigen Tommy Hilfiger Tommy Girl Tommy Hilfiger Tommy Girl Eau de Prep Vanderbilt Vanderbilt anzeigen Vanderbilt Versace Versace anzeigen Versace Bright Crystal Versace Bright Crystal Absolu Versace Crystal Noir Versace Red Jeans Vivienne Westwood Vivienne Westwood anzeigen Vivienne Westwood Boudoir Zadig & Voltaire Zadig & Voltaire anzeigen Zadig & Voltaire This is Her Damendüfte anzeigen Herrendüfte Herrendüfte anzeigen Annayake Annayake anzeigen Annayake pour Lui Annayake Tomo Annayake Tomo fresh Aramis Aramis anzeigen Aramis Classic Aramis Havanna Azzaro Azzaro anzeigen Azzaro Aqua Azzaro Aqua Frost Azzaro Chrome Azzaro Chrome Legend Azzaro Chrome Sport Azzaro Chrome United Azzaro L eau Azzaro Night Time Azzaro Now Men Azzaro Onyx Azzaro pour homme Azzaro pour Homme Limited Edtion Azzaro Silver Black Azzaro Visit men Baldessarini Baldessarini anzeigen Baldessarini Baldessarini Ambré Baldessarini Del Mar Baldessarini Nautic Spirit Baldessarini Private Affairs Baldessarini Secret Mission Baldessarini Strictly Private Benetton Benetton anzeigen Benetton B United Jeans men Benetton B United men Benetton Cold Silver Benetton Lets Move Benetton Verde Bentley Bentley anzeigen Bentley for Men Bentley for Men Intense Bogner Bogner anzeigen Bogner Sports Team 60 Boss Boss anzeigen Boss Bottled Tonic Boss No 6 Bottled Boss No 6 Bottled Intense Boss Bottled Night Boss Bottled Sport Boss Bottled Unlimited Boss Dark Blue Boss Energise Boss in Motion Boss No 1 Boss Orange Man Boss Pure Boss Selection Hugo Boss Hugo Element Hugo Boss Hugo man Hugo Boss Hugo Red Hugo Boss Hugo XY man Hugo Boss Just Different Boucheron Boucheron anzeigen Boucheron Jaipur Boucheron pour homme Bruno Banani Bruno Banani anzeigen Bruno Banani Made for Men Bruno Banani Magic Man Burberry Burberry anzeigen Burberry Brit Men Burberry Brit Rhythm for him Burberry Brit Rhythm for him Intense Burberry for men Burberry London for men Burberry Mr. Burberry Burberry The Beat Men Burberry Touch for men Burberry Weekend for Men Bvlgari Bvlgari anzeigen Bvlgari Aqva Amara Bvlgari Aqva Marine Pour Homme Bvlgari Aqva pour homme Bvlgari Black Bvlgari Man Bvlgari Man Extreme Bvlgari Man in Black Calvin Klein Calvin Klein anzeigen Calvin Klein CK be Calvin Klein CK Man Calvin Klein CK one Calvin Klein CK One Shock for Him Calvin Klein CK one Summer 2014 Calvin Klein CK one Summer 2015 Calvin Klein CK one Summer 2016 Calvin Klein CK2 Calvin Klein Contradiction men Calvin Klein Crave Calvin Klein Encounter Calvin Klein Escape for men Calvin Klein Eternity men Calvin Klein Euphoria men Calvin Klein Euphoria men intense Calvin Klein IN2U him Calvin Klein Obsession men Calvin Klein Obsession Night men Calvin Klein Truth men Carolina Herrera Carolina Herrera anzeigen Carolina Herrera 212 Men Carolina Herrera 212 VIP men Cartier Cartier anzeigen Cartier Declaration Cartier Declaration d'Un Soir Cartier Eau de Cartier Cartier Eau de Cartier Zeste de Soleil Cartier Roadster Cartier Roadster Sport Cartier Santos Cerruti Cerruti anzeigen Cerruti 1881 Black men Cerruti 1881 men Cerruti Image Pour Homme Chanel Chanel anzeigen Chanel Allure Homme Edition Blanche Chanel Antaeus Chanel Egoiste Clinique Clinique anzeigen Clinique Happy for men Creed Millesime Creed Millesime anzeigen Creed Millesime Aventus David Beckham David Beckham anzeigen David Beckham Classic David Beckham homme David Beckham Intimately Men Davidoff Davidoff anzeigen Davidoff Adventure Davidoff Champion Davidoff Champion Energy Davidoff Cool Water men Davidoff Cool Water Night Dive men Davidoff Echo men Davidoff Hot Water Davidoff Silver Shadow Davidoff Silver Shadow Altitude Davidoff the Game Davidoff Zino Dior Dior anzeigen Dior Dune pour Homme Dior Eau Sauvage Dior Fahrenheit Dior homme Dior homme Intense Dolce & Gabbana Dolce & Gabbana anzeigen Dolce & Gabbana Intenso pour homme Dolce & Gabbana pour homme Dolce & Gabbana the One men Dolce & Gabbana the One Sport men Donna Karan NY Donna Karan NY anzeigen DKNY men Dsquared² Dsquared² anzeigen He Wood He Wood Intense He Wood Rocky Mountain Elisabeth Arden Ermenegildo Zegna Ermenegildo Zegna anzeigen Ermenegildo Zegna Z Zegna Ferrari Ferrari anzeigen Ferrari Black Ferrari Red Givenchy Givenchy anzeigen Givenchy Insensé Ultramarine Givenchy Play for him Givenchy Pour Homme Gucci Gucci anzeigen Gucci By Gucci pour Homme Gucci Guilty Black Pour Homme Gucci Guilty pour homme Gucci Pour Homme II Hermes Hermes anzeigen Hermes Terre d Hermes Iceberg Iceberg anzeigen Iceberg pour homme Iceberg Twice pour Homme Issey Miyake Issey Miyake anzeigen Issey Miyake L'Eau D'Issey pour homme Jaguar Jaguar anzeigen Jaguar Classic Black Jaguar Classic Red Jaguar For Men Jaguar Performance Jaguar Vision III James Bond 007 James Bond 007 anzeigen James Bond 007 James Bond 007 Ocean Royale James Bond 007 Quantum Jean Paul Gaultier Jean Paul Gaultier anzeigen Jean P. Gaultier Le Beau Male Jean Paul Gaultier Kokorico Jean Paul Gaultier le Male Jean Paul Gaultier Le Male Terrible Jil Sander Jil Sander anzeigen Jil Sander for men Jil Sander Sun men Jil Sander Sun men Sport Jil Sander Ultrasense Joop! Joop! anzeigen Joop! homme Joop! WOW Joop! Go Joop! homme Extreme Joop! homme Sport Joop! Homme Wild Joop! Jump Joop! Nightflight Joop! Thrill Man Kenzo Kenzo anzeigen Kenzo Jungle Pour Homme Kenzo pour homme Kenzo Power La Martina Lacoste Lacoste anzeigen Lacoste Booster Lacoste Eau de Lacoste L.12.12. Noir Lacoste L!ve Lacoste Red Lagerfeld Lagerfeld anzeigen Lagerfeld Classic Laura Biagiotti Laura Biagiotti anzeigen Laura Biagiotti Roma uomo Lolita Lempicka Lolita Lempicka anzeigen Lolita Lempicka L Eau Au Masculin Marc Jacobs Masaki Matsushima Mauboussin Mauboussin anzeigen Mauboussin pour Lui Mercedes Benz Mercedes Benz anzeigen Mercedes Benz Mexx Mont Blanc Moschino Moschino anzeigen Moschino forever Moschino uomo Nikos Nikos anzeigen Nikos Sculpture homme Paco Rabanne Paco Rabanne anzeigen Paco Rabanne 1 Million Paco Rabanne Invictus Paco Rabanne Ultraviolet men Paco Rabanne XS Black men Paco Rabanne XS pour homme Paloma Picasso Paloma Picasso anzeigen Paloma Picasso Minotaure Porsche Design Porsche Design anzeigen Porsche Design The Essence Porsche Design Titan Prada Prada anzeigen Prada Luna Rossa Roberto Cavalli Roberto Cavalli anzeigen Roberto Cavalli Just Cavalli Him Roberto Cavalli Just Him Rochas Rochas anzeigen Rochas Man Thierry Mugler Thierry Mugler anzeigen Thierry Mugler A*Men Thierry Mugler A*men Pure Malt Tommy Hilfiger Tommy Hilfiger anzeigen Tommy Eau de Prep Tommy Hilfiger Freedom for men Tommy Hilfiger Tommy Tommy Hilfiger Tommy men Freedom Sport Versace Versace anzeigen Versace Blue Jeans Versace Eros Versace L Homme Versace Man Eau Fraiche Versace pour Homme Zadig & Voltaire Zadig & Voltaire anzeigen Zadig & Voltaire This is Him Herrendüfte anzeigen Pflege Pflege anzeigen Damen Damen anzeigen Bodylotion Showergel Herren Herren anzeigen Aftershave Deospray Deostick Showergel SoapRocks - die Seifen der Extraklasse Tangle Tezzer Pflege anzeigen Schmuck Schmuck anzeigen Ohrringe Anhänger Schmuck anzeigen Sonderangebote Geschenk-Sets Geschenk-Sets anzeigen Geschenksets Damen Geschenksets Herren Geschenksets Unisex Geschenk-Sets anzeigen Weitere Kundenlogin Kundenlogin Konto erstellen Passwort vergessen? Merkzettel Startseite Original Markenparfüm günstig online bestellen bis zu 60% günstiger - Trusted Shop - sicher kaufen - Kauf auf Rechnung - schnelle Lieferung - große Auswahl - seit 1998 - SSL Kaum eine Welt ist faszinierender und mannigfaltiger als die der Parfüms und Düfte. Deshalb ist es nicht verwunderlich, dass Parfüms, Herrendüfte, Damendüfte und wohlriechende Parfüm Geschenksets zu den populärsten Präsenten in allen Kulturkreisen gehören. Die man bei uns bestellen kann. Zu jeder Gelegenheit kann man einem geliebten Menschen oder auch sich selbst mit einem Marken Parfüm eine Freude machen und diesen bei uns bestellen. In unserer gut sortierten Onlineparfümerie kaufen Sie günstige Parfüms für jeden Damen- und Herrentyp. Viele unserer attraktiven Marken Parfüms sind in verschiedenen Größen und Ausführungen zu kaufen - oder aber auch als Deodorant, Bodylotion oder Showergel zu bestellen. Tauchen Sie ein in das erlesene Reich der Parfüms und Düfte von parfuemversand.de Bestellen Sie jetzt. Kaufen Sie jetzt auch über unsere App! Unsere Empfehlungen TOP -62% Dsquared Potion for Woman 100ml EdP Spray... Lieferzeit: 3-4 Werktage Bisher 106,00 EUR Nur 39,90 EUR 39,90 EUR Grundpreis pro 100ml TOP -24% Zadig & Voltaire This is Her Set 50ml EdP... Lieferzeit: 3-4 Werktage Bisher 79,00 EUR Nur 59,90 EUR 119,80 EUR Grundpreis pro 100ml TOP -21% SoapRocks Feueropal 170g mehr... Lieferzeit: zur Zeit nicht verfügbar Bisher 18,90 EUR Nur 14,90 EUR 8,76 EUR Grundpreis pro 100g TOP -23% Gucci Pour Homme II 100ml EdT Spray Lieferzeit: 3-4 Werktage Bisher 75,00 EUR Nur 57,50 EUR 57,50 EUR Grundpreis pro 100ml TOP -31% Joop! WOW for Men 60ml EdT Spray Lieferzeit: 3-4 Werktage Bisher 58,00 EUR Nur 39,90 EUR 66,50 EUR Grundpreis pro 100ml TOP Creed Millesime Aventus EDP Spray 75ml Lieferzeit: 3-4 Werktage Bisher 239,50 EUR Nur 239,50 EUR 319,33 EUR Grundpreis pro 100ml TOP -40% Jean Paul Gaultier Classique Betty Boop 100ml... Lieferzeit: 3-4 Werktage Bisher 98,00 EUR Nur 57,90 EUR 57,90 EUR Grundpreis pro 100ml TOP -22% Zadig & Voltaire This is Him Set 50ml EdT... Lieferzeit: 3-4 Werktage Bisher 59,00 EUR Nur 45,90 EUR 91,80 EUR Grundpreis pro 100ml TOP -62% Dsquared Potion for Woman 100ml EdP Spray... Lieferzeit: 3-4 Werktage Bisher 106,00 EUR Nur 39,90 EUR 39,90 EUR Grundpreis pro 100ml TOP -24% Zadig & Voltaire This is Her Set 50ml EdP... Lieferzeit: 3-4 Werktage Bisher 79,00 EUR Nur 59,90 EUR 119,80 EUR Grundpreis pro 100ml TOP -21% SoapRocks Feueropal 170g mehr... Lieferzeit: zur Zeit nicht verfügbar Bisher 18,90 EUR Nur 14,90 EUR 8,76 EUR Grundpreis pro 100g TOP -23% Gucci Pour Homme II 100ml EdT Spray Lieferzeit: 3-4 Werktage Bisher 75,00 EUR Nur 57,50 EUR 57,50 EUR Grundpreis pro 100ml TOP -31% Joop! WOW for Men 60ml EdT Spray Lieferzeit: 3-4 Werktage Bisher 58,00 EUR Nur 39,90 EUR 66,50 EUR Grundpreis pro 100ml TOP Creed Millesime Aventus EDP Spray 75ml Lieferzeit: 3-4 Werktage Bisher 239,50 EUR Nur 239,50 EUR 319,33 EUR Grundpreis pro 100ml Angebote -49% Calvin Klein Eternity woman 100ml EdP Spray... Lieferzeit: zur Zeit nicht verfügbar Bisher 86,00 EUR Nur 43,50 EUR 43,50 EUR Grundpreis pro 100ml -33% Boss in Motion 90ml Edt Spray Lieferzeit: 3-4 Werktage Bisher 69,00 EUR Nur 45,90 EUR 51,00 EUR Grundpreis pro 100ml -40% Hugo Boss Deep Red 50ml EdP Spray Lieferzeit: zur Zeit nicht verfügbar Bisher 57,00 EUR Nur 33,90 EUR 67,80 EUR Grundpreis pro 100ml -38% Bvlgari pour femme 100ml EdP Spray Lieferzeit: zur Zeit nicht verfügbar Bisher 118,00 EUR Nur 72,50 EUR 72,50 EUR Grundpreis pro 100ml -63% Chopard Casmir 100ml EdP Spray Lieferzeit: zur Zeit nicht verfügbar Bisher 79,00 EUR Nur 28,90 EUR 28,90 EUR Grundpreis pro 100ml -30% Bvlgari Mon Jasmin Noir 50ml EdP Spray Lieferzeit: 3-4 Werktage Bisher 86,00 EUR Nur 59,90 EUR 119,80 EUR Grundpreis pro 100ml -66% Nikos Sculpture homme 100ml EdT Spray Lieferzeit: zur Zeit nicht verfügbar Bisher 59,00 EUR Nur 19,90 EUR 19,90 EUR Grundpreis pro 100ml -31% Jean Paul Gaultier Le Male Terrible 75ml... Lieferzeit: zur Zeit nicht verfügbar Bisher 57,00 EUR Nur 38,90 EUR 51,87 EUR Grundpreis pro 100ml -40% Hugo Boss woman 50ml EdP Spray Bisher 54,00 EUR Nur 31,90 EUR 63,80 EUR Grundpreis pro 100ml -48% Bvlgari Man Extreme 100ml Edt Spray Bisher 85,00 EUR Nur 43,50 EUR 43,50 EUR Grundpreis pro 100ml -58% Lolita Lempicka Si Lolita 80ml EdP Spray Lieferzeit: zur Zeit nicht verfügbar Bisher 87,00 EUR Nur 35,90 EUR 44,88 EUR Grundpreis pro 100ml -40% Hugo Boss woman 90ml EdP Spray Lieferzeit: zur Zeit nicht verfügbar Bisher 74,00 EUR Nur 43,90 EUR 48,78 EUR Grundpreis pro 100ml Marken Bitte wählenAnnayakeAquolinaAramisAzzaroBaldessariniBenettonBentleyBognerBoucheronBritney SpearsBruno BananiburberryBvlgariCalvin KleinCarolina Herrer..CartierCerrutiChanelChloeChopardChristina Aguil..CliniqueCreed MillesimeDavid BeckhamDavidoffDiorDolce & GabbanaDonna Karan NYDsquared2Ed HardyElisabeth ArdenEscadaFerrariGiorgio Beverly..GivenchyGloria Vanderbi..GucciGuerlainHermesHugo BossIcebergIssey MiyakeJaguarJames Bond 007Jean Louis Sche..Jean Paul Gault..Jennifer LopezJesus Del PozoJil SanderJohn GallianoJoopKenzoLacosteLagerfeldLanvinLaura BiagiottiLolita LempickaMarc JacobsMasaki Matsushi..MauboussinMäurer & WirtzMercedes-BenzMexxMont BlancMoschinoNarciso Rodrigu..NikosOne DirectionPaco RabannePaloma PicassoPorschePradaRihannaRoberto CavalliRochasSlava Zaitsevt.s.pinkTangle TeezerThierry MuglerTommy HilfigerVersaceVictoria SecretVivienne Westwo..Zadig & Voltair.. Bestseller Joop! homme 125ml Edt Spray Bisher 66,00 EUR Nur 28,90 EUR 23,12 EUR Grundpreis pro 100ml Thierry Mugler Alien 90ml EdP Spray refillable Stone Bisher 112,00 EUR Nur 92,90 EUR 103,22 EUR Grundpreis pro 100ml Calvin Klein CK one 200ml EdT Spray Bisher 69,00 EUR Nur 33,90 EUR 16,95 EUR Grundpreis pro 100ml Nikos Sculpture homme 100ml EdT Spray Bisher 59,00 EUR Nur 19,90 EUR 19,90 EUR Grundpreis pro 100ml Calvin Klein Eternity woman 100ml EdP Spray Bisher 86,00 EUR Nur 43,50 EUR 43,50 EUR Grundpreis pro 100ml Davidoff Cool Water men 125ml EdT Spray Bisher 69,00 EUR Nur 33,90 EUR 27,12 EUR Grundpreis pro 100ml Hugo Boss Ma Vie pour femme 75ml EdP Spray Bisher 94,00 EUR Nur 58,50 EUR 78,00 EUR Grundpreis pro 100ml Jean Paul Gaultier le Male Maxi 200ml EdT Spray Bisher 103,00 EUR Nur 84,50 EUR 42,25 EUR Grundpreis pro 100ml Boss No 6 Bottled 100ml EdT Spray Bisher 81,00 EUR Nur 54,90 EUR 54,90 EUR Grundpreis pro 100ml Rochas Man 100ml EdT Spray Bisher 72,00 EUR Nur 39,90 EUR 39,90 EUR Grundpreis pro 100ml Kundenlogin E-Mail-Adresse Passwort Anmelden Erweiterte Suche Go Erweiterte Suche Unsere APP ist online Unsere neue APP ist online! Kreditkarte, Rechnung und Lastschrift ist ein PalPal Plus Service Informationen Widerrufsrecht & Widerrufsformular Versandkosten AGB Datenschutz Über uns Sitemap Kontakt Impressum Kontakt folgen Sie uns auf: Unsere Vorteile Deutschlands Lieblingsdüfte zum besten Preis Nur Original-Düfte Sichere Bezahlung Schnelle Lieferung Geschenkservice Geschenk-Sets keine versteckten Kosten Für Sie & Ihn Newsletter Angebote Ihre persönliche Seite Konto erstellen Merkzettel Ihr Konto Kasse Deutschlands Lieblingsdüfte zum besten Preis! Shopsystem by Gambio.de © 2016 © 1998 - 2017 Naksche GmbH {{#title}} {{title}} {{/title}} {{{items.src}}} {{#showButtons}} {{#buttons}} {{name}} {{/buttons}} {{/showButtons}} {{#content}} {{.}} {{/content}} {{#content}} {{{.}}} {{/content}} Zertifikat prüfenKäuferschutzbedingungenAlle Bewertungen Impressum Datenschutz+Maximieren×SchließenSehr gut4.89/5.00Zertifizierter ShopZertifikat prüfenKäuferschutzbedingungenAlle Bewertungen Impressum Datenschutz–Minimierenparfuemversand.de×KäuferschutzSie können sich nach dem Einkauf für die kostenlose Trusted Shops Mitgliedschaft Basic anmelden, inkl. Käuferschutz bis je 100 € für den aktuellen Einkauf sowie für Ihre weiteren Einkäufe in deutschen Shops mit dem Trusted Shops Gütesiegel.Mit Trusted Shops PLUS (inkl. Garantie) werden Ihre Einkäufe sogar bis je 20.000 € durch den Käuferschutz (inkl. Garantie) abgesichert, für 9,90 € pro Jahr inkl. MwSt. bei einer Mindestvertragslaufzeit von 1 Jahr. Die Absicherungsdauer des Käuferschutzes pro Einkauf beträgt in beiden Fällen 30 Tage.Es gelten die Mitgliedschafts- und Käuferschutzbedingungen.Zertifiziertseit 22.02.2017Käuferschutzbis zu 20.000 €×KundenbewertungenDie Note „Sehr gut“ berechnet sich aus den 207 Trusted Shops Bewertungen der letzten 12 Monate, die im Bewertungsprofil eingesehen werden können.207KundenbewertungenSehr gut4.89/5.00Günther F15.10.2017Alles so wie ich es bestellt habe27.05.2017Super..10.06.2017100 zufrieden. Top Ware zum schmalen Preis. Ich werde wieder bestellen. Vielen Dank."
127,partytischdecke.de," Partytischdecke.de - Jetzt ansehen! | Partytischdecke.de Um Partytischdecke.de in vollem Umfang nutzen zu können, empfehlen wir Ihnen Javascript in Ihrem Browser zu aktiveren. Express Lieferung 14 Tage Rückgaberecht Versandkostenfrei ab 50 € 0 70 32 / 20 11 79 Wir beraten gerne! 1,25 x 40 m = 46,85 EUR (1,17 €/m) 30% Weihnachts-Aktion Dunicel Tischdecke cream 1,25 x 40 m = 46,85 EUR (1,17 €/m) 30% Weihnachts-Aktion Dunicel Tischdecke cream Jetzt einkaufen! Angebote in: Angebote noch: 06Tage08Std.53Min.07Sek. Service/Hilfe Allgemeine Geschäftsbedingungen Partytischdecke.de Händler-Login Impressum Partytischdecke.de Kontakt Lieferinfo Ausland Lieferinfo DE Musterversand Partytischdecke.de Über uns - Partytischdecke.de Widerrufsbelehrung Partytischecke.de Hilfe / Support - Partytischdecke.de Zahlungsarten Datenschutz Menü Suchen Suchen Mein Konto Warenkorb 0 0,00 € * Duni Mank Papstar Tischdecken Tischläufer Servietten Taschentücher Kerzen Bänder Deko Bavaria Themen Geschirr Hussen & Verleih Sale Zur Kategorie Duni Duni Tischdecken Duni Servietten Duni Tischläufer Duni Skirtings Duni Tischsets Duni Royal Serie Duni Lea Duni Lina Duni Frühling Duni Sommer Duni Herbst Duni Weihnachten Duni Italiana Duni Giovanni Duni Maritim Duni Bavaria Duni Malina Duni Ann-Margret blue Duni Ann-Margret green Duni Kerzen, LED, usw. Duni Tassendecken Duni Premium Qualität Tischdecken, Servietten, Verziehrungsstücke und vieles mehr: Wenn hervorragende Qualität im gehobenen Rahmen gefragt ist, sind Produkte von Duni weder in Variationsvielfalt noch in Auswahl nachlässig. Auf Partytischdecke.de finden Sie eine... mehr erfahren Zur Kategorie Mank Mank Servietten Mank Tischläufer Uni Mank Tischdecken Mank Tischläufer Motiv Mank Mitteldecken Mank Auf Partytischdecke.de finden Sie Produkte von Mank in großer Zahl. Servietten, Tischläufer und Mitteldecken eignen sich für den Alltag und auch für diverse Festlichkeiten. Qualitativ hochwertige Produkte von Mank haben ein sanftes Berührgefühl... mehr erfahren Zur Kategorie Papstar Papstar Tischdecken Papstar Servietten Papstar Tischläufer Uni Papstar Kostengünstige und individuelle Angebote stehen Ihnen auf Partytischdecke.de mit Papstar-Produkten zur Verfügung. Tischdecken, Servietten oder Läufer in unterschiedlichen Farben, Formen und aus verschiedenen Materialien werden Ihren... mehr erfahren Zur Kategorie Tischdecken Biologische Tischdecke Festliche Tischdecken Papiertischdecken Folientischdecken Runde Tischdecken PP-Vliestischdecken Bavaria & Hüttenzauber Abwaschbare Tischdecken Abwaschbare Mitteldecken Skirtings Mitteldecken 84 x 84 Tischsets Tischdecken für Biertische Tischdecken Die Suche nach der optimalen Tischdecke für den gegebenen Anlass scheint oftmals kein Ende nehmen zu wollen. Was darf es denn sein? Partytischdecke.de eröffnet Ihnen eine große facettenreiche Auswahl unter der Sie sicherlich auch... mehr erfahren Zur Kategorie Tischläufer Duni Uni Breite 40 cm Duni Damast 0,15 x 20 m Duni Linnea 0,15 x 20 m Duni Motiv 0,4 x 24 m Duni Lina 0,4 x 24 m Duni Sensia 0,45 x 24 m Mank Uni 0,4 x 24 m Mank Uni 0,2 x 20 m Mank Motiv 0,4 x 24 m PDT Vichy 0,4 x 3,6 m PDT Circle 0,4 x 3,6 m Papstar Uni Breite 40 cm Tischläufer Marken, Größen, Muster: Partytischdecke.de erfüllt Ihre Wünsche unter Anderem, wenn sie sich um Tischläufer oder Tête-à-Tête drehen. In dieser Kategorie finden Sie eine zusammengestellte Auswahl unserer Tischläufer. Sanfte Berühungen und... mehr erfahren Zur Kategorie Servietten Festliche Servietten Motiv Servietten Zellstoff Servietten Prägeservietten Serviettenringe Servietten Zwischen Tischdecken und Geschirr fallen Servietten mitunter als erstes ins Gewicht. Ob robuste und festliche Servietten, motivbedruckte Varianten oder Zellstoffprodukte: Jeder Serviette von Partytischdecke.de eröffnet eigene Vorzüge und... mehr erfahren Zur Kategorie Taschentücher Zur Kategorie Kerzen LED Lampen Rustic Stumpenkerzen Rustic Kugelkerzen Rustic Wachswindlichter Stumpenkerzen Spitzkerzen Stabkerzen Teelichte Zahlenkerzen Schwimmkerzen Kerzenverzierungen Glasgefäße Dekolichte Luminaria Zubehör für Kerzen Kerzen in Silber und Gold Baumkerzen Laternenkerze Duftkerzen Kerzen Ein romantisches Dinner zu zweit? Kerzenlicht als gemütliche Alternative zu herkömmlichen Licht? Partytischdecke.de hält eine breitgefächerte Auswahl verschiedenster Kerzen für Sie bereit. Unseren Kerzen gelingt aufgrund von Farb- und... mehr erfahren Zur Kategorie Bänder Deko Perlenbänder Sizoweb 8-30 cm x 5 m Sizoweb 8-60 cm x 25 m Sizoweb 17-38 cm Wave Sizoflor 8 - 60 cm Sizoflor 17-38 cm Wave Sizotwist 15-60 cm x 10 m Sizolace 30 cm Jutebänder 20-30 cm Vintage Bänder Netzband 28 cm Spiderweb 28 cm Taftband Crushed 29 cm Dekoband Organza Satin Bänder Dekoband Spitzenbordüre Luxury-Tischband Crash-Tischband Ziehschleifen Schöne Bänder Bänder Vom ausgedünnten Kunstfaserband bis hin zur motivbedruckten Papiervariante sind auf Partytischdecke.de viele Tischbänder zu finden. Kombiniert mit farblich abgestimmten Servietten, Tischdecken oder Dekorationselementen hinterlassen Tischbänder... mehr erfahren Zur Kategorie Deko Crystal Deko Raindrops Perlkies 1,2 - 1,8 mm Granulat 2,0 - 3,0 mm Diamanten u. Brillanten Drahtbälle & -Herzen Luftballons Streuschmuck Deko-Stecknadeln Klammern Streuschmuck Konfessionen Organza Beutel Farbwasser Stickerbögen Eislaterne/Sektkühler Spiegel- u. Glasgranulat Deko-Metallkugeln GlasNuggets Noble Collection Serviettenringe Jubiläumsziffern Luftschlangen u. Konfetti Raum-Girlanden Wimpel- u. Flaggenketten Wabenbälle u. Lampions Deko Zur großen Auswahl tischdeckender Elemente auf Partytischdecke.de gehören auch Dekorationselemente unterschiedlichster Art. Streuschmuck, Farbwasser oder Girlanden schaffen feine Kombinationsmöglichkeiten, farbliche Hingucker und... mehr erfahren Zur Kategorie Bavaria Bavaria Servietten Bavaria Tischdecken Bavaria Tischläufer Bavaria Deko Bavaria Geschirr Bavaria Gesamtübersicht Bavaria Von Tischdecken über Teller bis hin zu Girlanden im landestypischen bayrischen Design ist in jenem Themenbereich auf Partytischdecke.de alles zu finden. Blau-weißes Rautenmuster, Ähren oder Maßkrüge erinnern in jedem Fall an die Schutzpatronin... mehr erfahren Zur Kategorie Themen Weihnachten Hochzeit Ostern Hüttenzauber Länder & Nationen Fussball Kinderparty Magic Xperience Silvester-Neujahr Fasching & Karneval Religion Themen Für einige Themenbereiche hat Partytischdecke.de schon einige passende Produkte zusammengestellt. Von Kindergeburtstag bis Fußballabend lassen sich viele Anlässe themengebunden schmücken. Tischdecken, Servietten und Dekoration ergeben zusammen... mehr erfahren Zur Kategorie Geschirr Geschirr Einweggeschirr ist an einigen Veranstaltungen von großem Nutzen. Partytischdecke.de hat Becher, Teller und Besteck in unterschiedlichen Setgrößen und für verschiedenste Veranstaltungen. mehr erfahren Zur Kategorie Hussen & Verleih Zur Kategorie Sale Servietten Tischläufer Accessoirs Tischdecken Kerzen Rustic Stumpen Ø 7 x 8 Rustic Stumpen Ø 7 x 12 Rustic Stumpen Ø 7 x 15 Rustic Stumpen Ø 10 x 15 Rustic Stumpen Ø 10 x 20 Sale Im „Sale“-Bereich von Partytischdecke.de ist es Ihnen möglich, kurzzeitige Schnäppchen zu erhaschen. Technisch einwandfreie Ware, jedoch häufig Auslaufartikel stehen Ihnen reduziert zur Verfügung. mehr erfahren  Menü schließen Kategorien Duni Mank Papstar Tischdecken Tischläufer Servietten Taschentücher Kerzen Bänder Deko Bavaria Themen Geschirr Hussen & Verleih Sale Informationen Allgemeine Geschäftsbedingungen Partytischdecke.de Händler-Login Impressum Partytischdecke.de Kontakt Lieferinfo Ausland Lieferinfo DE Musterversand Partytischdecke.de Über uns - Partytischdecke.de Widerrufsbelehrung Partytischecke.de Hilfe / Support - Partytischdecke.de Zahlungsarten Datenschutz Partytischdecke.de Sizotwist Sizoflor Wave 23 cm Dunicel Mitteldecken Ein Fest, an das hohe Anforderungen gerichtet sind Ein Fest, an das hohe Anforderungen gerichtet sind, wird diesen mit der facettenreichen Auswahl hochwertiger Duni-Produkte schnell gerecht. Tischdecken mit abgestimmten Läufern oder Bändern in hoher Dunicelqualität bilden zusammen mit geschmackvollen Servietten aus Zellstoff oder feinem Dunilin eine außergewöhnliche Komposition. Viele tiefe Farben und ausgewählte Motivdrucke schaffen eine große Bandbreite an Möglichkeiten, sodass es ein Leichtes ist Präferenzen zu berücksichtigen und Wünsche zu erfüllen. Kerzen und weitere Accessoires geben dem Gesamtbild weitere Impulse mit und sind in angepasster Duni Premiumqualität zu haben. Das ideale Preis-/Leistungsverhältnis zieht sich durch das gesamte, hochklassige Duni Sortiment und macht es noch attraktiver für Veranstaltungen wie Empfänge, Firmenfeiern und Tagungen, aber auch für Feste wie Hochzeiten, Jubiläen oder Trauerfeiern. Tischdecken bilden die Basis eines geschmackvoll dekorierten Tischs. Duni hält hochwertige Varianten als Rollenware oder runde Tischdecke, je von unterschiedlichem Maß, bereit. Dunisilk Tischdecken sind von unschätzbarem Wert, wenn es um Flecken geht. Ihre Oberfläche ist nicht nur abweisend gegen Wasser, sondern vielmehr auch gegen beispielsweise Bratenöle oder Fette, diese können kinderleicht weggewischt werden. Die stoffähnliche Variante Evolin strahlt eine unverwechselbare Präsenz aus und gibt so ihr gewisses Etwas. Kombinieren lassen sich Tischdecken oftmals schön mit Läufern, Mitteldecken, Tischsets oder Tischbändern. Ob unifarben, gemustert, motivbedruckt oder mit Damastprägung, alle Kombinationsstücke versprühen eigene Reize und können frei ausgewählt werden. In Sachen Farbe, Material und Qualität berät unser Team Sie gern dahingehend, was zueinander und zu Ihren Anforderungen passt. Extravagant gefaltet dienen sie als Dekoration, einfach hingelegt als Platzhalter und auf einigen Feiern sogar als Tellerersatz. Servietten können viele Funktionen zugesprochen werden, was von Duni mit einer umfangreichen Auswahl quittiert wird. Aus diesem Labyrinth unterschiedlicher Mustern, Farben, Größen und Materialien gibt es sicher den passenden Weg. Eine weitere Möglichkeit der Raumgestaltung bieten Skirtings. Diese besitzen praktische Klebeflächen, mit denen sie am Tisch befestigt werden können und so stilvoll Tischbeine verschwinden lassen. Sie geben dem Raum und dessen Potenzial eine Richtung, wie es auch Dekoration zu tun vermag. Kerzen und Kerzenhalter in Premium Qualität von Duni schmücken hochwertig Tische und lassen sich auf einfache Weise kombinieren. Zuletzt sticht Duni durch seine verschiedenen Themen und dementsprechend aufeinander abgestimmte Produkte hervor. Ein Hauch Italien hier, eine Prise Frühling da, etwas Oktoberfeststimmung: Duni wird einigen Wünschen ohne Umschweife gerecht. Sicherlich ist auch für Sie etwas passendes zu finden. Service Hotline Öffnungszeiten fürBeratung & Ladengeschäft:Mo, Di, Do, Fr: 09:00 - 13:00 Uhr15:30 - 18:00 UhrMi u. Sa: 09:00 - 13:00 Uhr Shop Service Allgemeine Geschäftsbedingungen Partytischdecke.de Defektes Produkt Express Car ""Same Day"" Sofortlieferung Lieferinfo Ausland Lieferinfo DE Widerrufsbelehrung Partytischecke.de Widerrufsformular Partytischdecke.de Zahlungsarten Informationen Impressum Partytischdecke.de Kontakt Musterversand Partytischdecke.de Newsletter Öffnungszeiten Über uns - Partytischdecke.de Hilfe / Support - Partytischdecke.de Datenschutz Newsletter Abonnieren Sie den kostenlosen Partytisch24.de Newsletter und verpassen Sie keine Neuigkeit oder Aktion mehr. Newsletter abonnieren * Alle Preise inkl. gesetzl. Mehrwertsteuer DE (brutto) zzgl. Service- u. Versandkosten (Deutschland) bzw. Service- u. Versandkosten (Ausland), wenn nicht anders beschrieben. Für die Länder CH / LI werden die Preise nur im Checkout / Kasse netto angezeigt.** Versandkostenfreie Lieferung bezieht sich nur auf den Erlass der Standard Paket Preise Deutschland, nicht aber auf Nachnahme-, bzw. Express Aufschlag. Allgemeine Geschäftsbedingungen Partytischdecke.de Händler-Login Impressum Partytischdecke.de Kontakt Lieferinfo Ausland Lieferinfo DE Musterversand Partytischdecke.de Über uns - Partytischdecke.de Widerrufsbelehrung Partytischecke.de Hilfe / Support - Partytischdecke.de Zahlungsarten Datenschutz © Baudy e.K. 2016 "
128,perfumetrader.de," Parfümerie Onlineshop | Parfüm, Make-Up, Pflegeprodukte online bestellen | Perfumetrader JavaScript scheint in Ihrem Browser deaktiviert zu seien. Sie müssen JavaScript in Ihrem Browser aktivieren um alle Funktionen dieser Webseite nutzen zu können. Warenkorb 0,00 € 0 Menü FAQ Kundenservice Login Willkommen bei Perfumetrader Ihrem Online Shop für Parfüm, Kosmetik, Make-Up und Pflegeprodukte. Sie möchten günstig Online Parfüm kaufen? Wir führen in unserer Online Parfümerie über 100 Marken mit insgesamt mehr als 10000 Artikeln zu günstigen Preisen. Sie suchen nach Kosmetik, Make-Up und anderen Pflegeprodukten? Unsere Online Parfümerie bietet eine breite Produktpalette. Wir bieten Ihnen in dieser Kategorie eine Auswahl von über 2500 Pflegeprodukten. Top Produkte Top Damen Parfüm Top Herren Parfüm Top Damen Pflege Top Herren Pflege Top Produkte Joop! Homme Eau de Toilette 67,00 € 1 21,90 € 2 RevitaLash Augen Pflege Serum & Kur, Augen 129,00 € 1 56,70 € 2 M2 Beauté M2 Lashes Serum & Kur, Augen 120,00 € 1 73,00 € 2 Rochas Rochas Man Eau de Toilette 88,00 € 1 26,50 € 2 Chopard Casmir Eau de Parfum 74,00 € 1 19,50 € 2 Jean Paul Gaultier Le Male Eau de Toilette 83,50 € 1 50,90 € 2 Jean Paul Gaultier Classique Eau de Toilette 96,00 € 1 55,60 € 2 Jil Sander Sun Men Deodorant 20,00 € 1 9,00 € 2 Nikos Sculpture Homme Eau de Toilette 60,00 € 1 14,90 € 2 Jil Sander Jil Sander No 4 Eau de Parfum 92,00 € 1 36,90 € 2 Joop! Le Bain Eau de Parfum 53,00 € 1 23,70 € 2 Top Damen Parfüm Chopard Casmir Eau de Parfum 74,00 € 1 19,50 € 2 Jean Paul Gaultier Classique Eau de Toilette 96,00 € 1 55,60 € 2 Jil Sander Jil Sander No 4 Eau de Parfum 92,00 € 1 36,90 € 2 Joop! Le Bain Eau de Parfum 53,00 € 1 23,70 € 2 Calvin Klein Obsession Eau de Parfum 74,95 € 1 23,90 € 2 Cerruti 1881 Pour Femme Eau de Toilette 72,50 € 1 19,90 € 2 Dior Jadore Eau de Parfum 99,50 € 1 70,00 € 2 Chanel Allure Eau de Parfum 125,00 € 1 99,90 € 2 Chanel Coco Eau de Parfum 125,00 € 1 107,90 € 2 Yves Saint Laurent Mon Paris Eau de Parfum 62,90 € 1 41,90 € 2 Lancome Tresor La Nuit Eau de Parfum 52,90 € 1 37,90 € 2 Top Herren Parfüm Joop! Homme Eau de Toilette 67,00 € 1 21,90 € 2 Rochas Rochas Man Eau de Toilette 88,00 € 1 26,50 € 2 Jean Paul Gaultier Le Male Eau de Toilette 83,50 € 1 50,90 € 2 Nikos Sculpture Homme Eau de Toilette 60,00 € 1 14,90 € 2 Jean Paul Gaultier Ultra Male Eau de Toilette 75,95 € 1 43,90 € 2 Chanel Égoiste Eau de Toilette 92,00 € 1 69,90 € 2 Chanel Égoiste Platinum Eau de Toilette 92,00 € 1 71,50 € 2 Chanel Allure Homme Sport Eau de Parfum 123,00 € 1 103,90 € 2 Joop! Jump Eau de Toilette 61,50 € 1 20,90 € 2 Chanel Antaeus Eau de Toilette 92,00 € 1 75,90 € 2 Paco Rabanne 1 Million Eau de Toilette 120,31 € 1 74,50 € 2 Top Damen Pflege RevitaLash Augen Pflege Serum & Kur, Augen 129,00 € 1 56,70 € 2 M2 Beauté M2 Lashes Serum & Kur, Augen 120,00 € 1 73,00 € 2 M2 Beauté M2 Brows Serum & Kur 130,00 € 1 75,90 € 2 Shiseido Bio-Performance Anti-Aging, Tagespflege 99,00 € 1 67,90 € 2 Shiseido Benefiance Anti-Aging, Augenpflege 70,00 € 1 42,90 € 2 Chanel Le Lift Anti-Aging, Tagespflege 112,00 € 1 80,90 € 2 Dior Addict Lip Glow Lippen 35,50 € 1 25,90 € 2 Shiseido Benefiance WrinkleResi... Anti-Aging, Augenpflege 64,00 € 1 44,90 € 2 Jil Sander Jil Sander No 4 Körperpflege 11,50 € 1 7,90 € 2 Shiseido Benefiance NutriPerfect Anti-Aging, Nachtpflege 104,00 € 1 67,90 € 2 Victoria´s Secret Secret Charm Körperpflege 14,99 € 1 8,90 € 2 Top Herren Pflege Jil Sander Sun Men Deodorant 20,00 € 1 9,00 € 2 Hugo Boss Boss Bottled Unlimited Körperreinigung 13,99 € 1 8,50 € 2 Chanel Allure Homme Sport After Shave 60,00 € 1 49,90 € 2 Chanel Bleu de Chanel Deodorant 33,00 € 1 28,90 € 2 Calvin Klein Eternity Men Körperreinigung 12,90 € 1 7,90 € 2 Shiseido Men Gesichtsreinigung 29,00 € 1 19,95 € 2 Joop! Homme Körperreinigung 11,50 € 1 7,90 € 2 Davidoff Horizon 12,99 € 1 7,90 € 2 Chanel Allure Homme Deodorant 33,00 € 1 26,90 € 2 Chanel Antaeus Deodorant 33,00 € 1 27,90 € 2 Chanel Égoiste Platinum After Shave 60,00 € 1 49,90 € 2 MarkenMake-UpZurückTeintAugenLippenNägelPflegeZurückAccessoiresAnti-AgingAnti-CelluliteAugenpflegeDeodorantGesichtsreinigungHals & DekolletéHand & FußKörperreinigungLippenpflegeMaskenNachtpflegeSerum & KurTagespflegeKörperpflegeParfümHerrenpflegeZurückAfter ShavePre ShaveDeodorantTagespflegeAugenpflegeMaskenAnti-AgingGesichtsreinigungKörperreinigungHand & FußKörperpflegeHaareSonneTop ProdukteZurückTop ProdukteTop Damen ParfümTop Herren ParfümTop Damen PflegeTop Herren PflegeGeschenkset Kürzlich hinzugefügte Produkte Sie haben keine Artikel im Warenkorb. Zwischensumme: 0,00 € zum Warenkorb Zahlungsarten Versand mit DHL Nächster Versand mit DHL in: 21:04:18 Newsletter bestellen und 3€ sichern Sie können sich jederzeit von unserem Newsletter abmelden. Sicher online einkaufen Folge uns auch in Sozialen Netzen Gutschein verschenken Gutschein Rechtliche Hinweise: 1 Ladenpreis: Dies ist der Preis, den wir in unserem Shop in der Raiffeisenstrasse 5a, D-53797 Lohmar für das jeweilige Produkt verlangen. 2 alle Preise inkl. MwSt. · zzgl. Versandkosten · 100ml Grundpreis auf Artikelseite 3 Die angezeigte Ersparnis bezieht sich jeweils auf den für das Produkt angezeigten Preis und Ladenpreis. 4 Kostenloser Versand ab 100€ nur innerhalb Deutschland · Es gelten die allgemeinen Versandbedingungen Perfumetrader AGB Datenschutz Impressum Widerrufsbelehrung und Widerrufsformular Jobs bei Perfumetrader Einkaufen Fragen und Antworten Versandbedingungen Bestellvorgang Zahlungsarten Konto Mein Konto Kontakt & Kundenservice Newsletter Bestellen Sie Düfte in Ihrer Parfümerie Online! Ob Parfüm, Make-Up, Kosmetik- oder Pflegeprodukte, wir führen eine breite Produktpalette. In unserer Online Parfümerie führen wir exklusive Damendüfte und Herrendüfte, sowie eine große Auswahl an Make-Up und Pflegeprodukten und dies zu fairen Preisen und Konditionen. Auf Perfumetrader.de bieten wir Ihnen Top Produkte im Bereich der Damendüfte an wie z.B. Chopard Casmir, Chopard Wish, Jil Sander No. 4 oder auch Thierry Mugler Alien. Diese Düfte gehören in unserem Online-Shop zu den absoluten Top Damen Parfüms. Für den Mann von heute führen wir unter anderem Top Herren Parfüms wie Nikos Sculpture, Jean Paul Gaultier Le Male oder auch Channel Allure Homme Sport. Unser Angebot wächst stetig und unter den 2.500 verschiedenen Artikeln ist für jeden Geschmack etwas dabei. Bei Perfumetrader.de dreht sich alles um Düfte, dekorative Kosmetik, Pflege für Damen und Herren und natürlich den ansprechenden Preis. In unserem Online-Shop, Perfumtrader.de, erhalten Sie mitunter die besten Angebote für Ihre online Parfüm Bestellungen. Sie suchen ein Damenparfüm als Geschenk oder einfach nur als eine kleine Aufmerksamkeit? Damendüfte wie Jean Paul Gaultier 2, Calvin Klein Eternity, Chanel Coco Mademoiselle oder Boss Woman Hugo Boss sind gern gesehene Geschenke und erfreuen jede Frau. Sie suchen ein Herrenparfüm als Geschenk oder einfach nur als eine kleine Aufmerksamkeit? Was halten Sie von Herrendüften wie Joop! Jump, Paco Rabanne 1 Million, Armani Code Pour Homme oder aber dem klassischsten aller Herrendüfte Hugo Boss Boss Bottled. Als online Parfümerie mit günstigen Preisen für unsere Produkte wie Parfüms, Make-Up oder Pflegeprodukte verfügen wir selbstverständlich über weitere Damen Parfüms oder Herren Parfüms zu Preisen die sich mehr als sehen lassen können. Bei Perfumetrader.de heute bestellen, morgen erhalten? Bei uns können Sie Parfüm online auch mit Expressversand bestellen um Ihre Einkäufe noch schneller zu erhalten. Durch eine Vielzahl an zusätzlichen Informationen zu unseren Produkten ermöglichen wir Ihnen einen einfachen Vergleich von Produkten und informieren Sie sofort über die wichtigsten Eigenschaften. Sie möchten nicht nur Parfüm online kaufen? Sie interessieren sich dafür Make-Up online zu kaufen, Pflegeprodukte online zu kaufen oder aber Naturprodukte online zu kaufen? Auch hier bieten wir eine große Produktvielfallt zu besten Preisen. In unserem Online Shop finden Sie eine große Auswahl an dekorativer Kosmetik, Pflegeprodukte, Make-up sowie weitere Beauty Produkte. Neben einem großen Sortiment an Düften, finden Sie in unserem Online Shop exklusive Kosmetikprodukte. Bei Perfumetrader.de führen wir edle und exklusive Marken für jedes Budget und jedes Bedürfnis. So gehören im Bereich der dekorativen Kosmetik Produkte wie Chanel Rouge Coco Lippenstifte, Dior Diorshow Iconic Mascaras oder Produkte der Marke Helena Rubinstein zu unserem Erstklassigen Angebot. Ebenfalls zu finden in unserem Sortiment ist eine breite Palette an La Prairie Foundations. Gönnen Sie ihrer Haut das luxuriöseste was der Markt zu bieten hat. Mit der La Prairie Skin Caviar Foundation oder dem Skin Caviar Concealer gehen Sie genau mit dem Trend. Diese und viele weitere Produkte finden Sie in unserem großen Sortiment. Ob Produkte für die Lippen, Nägel, Augen oder Haut – in unserem Shop finden Sie was Sie suchen! Sie suchen dekorative Kosmetik als ein Geschenk oder einfach nur als eine kleine Aufmerksamkeit? Was halten sie von qualitativ hochwertigen und trendigen Nagellacken der Linie Chanel Le Vernis oder dem M2 Lashes Activating Serum? Bei Perfumetrader.de erhalten Sie mitunter die günstigsten Preise für Ihre Online Bestellungen. Als online Parfümerie verfügen wir selbstverständlich über weitere Kosmetikartikel, sowie eine breite Auswahl an Damen- und Herrendüfte zu überaus attraktiven Preisen für jeden Geldbeutel. Bestellen Sie noch Heute aus unserem tollen Angebot und genießen sie exklusive Produkte aus unserer Online Parfümerie! Zusätzlich bieten wir Ihnen auch eine exklusive Auswahl an Geschenksets, perfekt für jede Geschenk Gelegenheit! In unserem ständig wachsenden Sortiment finden Sie für jeden Anlass die perfekte Wahl an Parfüm, Kosmetik oder Pflege. Wir bieten auch passenden Artikel für den Sommer und sonnigen Urlaub, schauen Sie einfach mal in unserer Sonne-Kategorie vorbei. Sie möchten nicht nur dekorative Kosmetik online kaufen? Sie interessieren sich dafür Parfüms online zu kaufen, Pflegeprodukte und sogar Naturprodukte online zu kaufen? Auch hier bieten wir eine große Produktvielfalt zu besten Preisen an. Unsere Online Parfümerie verfügt über eine große Vielfalt an diversen Düften, Kosmetik oder erlesene Pflegeprodukte für Damen und Herren. Neben exklusiven Damen- und Herrendüften und einer Vielfalt an dekorativer Kosmetik führen wir in unserem Markenshop auch eine große Auswahl an Pflegeprodukten für Sie und Ihn! Ein hohes Maß an Qualität sowie ein günstiger Preis stehen für uns an Erster Stelle. Lassen sie sich inspirieren von unserer Markenvielfalt und kaufen Sie gemütlich ein. In unserem Angebot erwartet Sie alles von Hautpflege bis zu Gesichtsreinigung und kostbaren Cremes. Mit einem beachtlichen Sortiment von La Prarie und Shiseido bieten wir Ihnen die Creme de La Creme der Hautpflege. Ob nun die La Prairie Cellular Radiance Emulsion oder klassiker wie die Shiseido Benefiance Nutri-Perfect Day Cream, wir bieten Ihnen ein unschlagbares Sortiment. Sie haben sich satt gesehen an lästigen Fältchen und wollen sich wieder jung und frisch fühlen? Dann schauen Sie in unserem Anti-Aging Pflege Sortiment vorbei. Hier bieten wir Ihnen Produkte wie z.B die Sensai Premier The Cream, die Bio-Performance Advanced Super Revitalizing Cream von Shiseido oder einen unserer Klassiker: die Shiseido Benefiance Daytime Protective Cream mit SPF 15. Nicht nur im Bereich der Damenpflege haben wir einiges zu bieten auch die Herren gehen bei uns nicht leer aus: Verwöhnen sie ihre Haut doch z.B. mit der Shiseido Men Moistrizing Recovery Cream oder gönnen Sie ihrer Haut eine Auszeit mit Shiseido Men Deep Wrinkle Correction. Suchen Sie nach Lippenpflege, die spröde und trockene Lippen wieder geschmeidig und weich macht? Dann schauen Sie in unserem Lippenpflege Sortiment vorbei! Hier finden Sie edle Produkte wie z.B. dem Sisley Confort Extreme Levres Lippenbalsam oder dem überaus beliebten Shiseido Benefiance Full Correction Lip Treatment Balsam. Wir bieten Ihnen eine Auswahl an Body Lotions, wie der Chanel Chance Eau Tendre Body Lotion oder der Shiseido Replenishing Body Cream an. Mit Reinigungs-Produkten wie der Lancome Baume Eclat Massage Reinigung oder der Clinique Clarifying pflegen Sie ihre Haut mit allem was sie zum Strahlen braucht. Hier bei Perfumetrader.de finden Sie für jedes Bedürfnis und vor allem für jeden Hauttyp das richtige Produkt. Ob für Damen oder Herren: In unserem Shop werden sie fündig und finden ihr individuell-passendes Pflegeprodukt! Kaufen sie jetzt online ein auf Perfumetrader.de und tauchen Sie ein in die fabelhafte Welt der Pflege! © 2017 Perfumetrader. Alle Rechte vorbehalten. "
129,piaggio-vespa.de," Piaggio Vespa Online Shop | Piaggio-Vespa Online Shop Zubehör Ersatzteile Bekleidung .df-btn--block,.df-card{width:100%}.df-classic,.df-slider,.df-slider *,.df-slider .noUi-pips,.df-slider .noUi-pips *{box-sizing:border-box}.df-card__description,.df-card__image,.df-classic,.df-classic .svg:not(:root),.df-results__item,i.doofinder-logo-small{overflow:hidden}.df-classic,.df-mobile{-ms-text-size-adjust:100%;-webkit-text-size-adjust:100%}.df-classic .button,.df-classic .select,.df-mobile .button,.df-mobile .select{text-transform:none}.df-btn,.df-card__image,.df-layer--grid .df-card__price,.df-layer--grid .df-card__title,.df-slider .noUi-tooltip,.df-slider .noUi-value{text-align:center}.df-btn,.df-classic .a:active,.df-classic .a:hover,.df-mobile .a:active,.df-mobile .a:hover{outline:0}.df-banner{display:block;margin:0;-webkit-box-flex:1;-webkit-flex:1 0 100%;-ms-flex:1 0 100%;flex:1 0 100%;padding:8px}.df-banner+.df-banner{margin-top:8px}.df-banner img{display:block;max-width:100%;margin:auto}.df-btn{display:inline-block;padding:7px 14px;border:1px solid transparent;vertical-align:middle;font:inherit;font-size:13px;line-height:1.5;text-decoration:none;white-space:nowrap;-webkit-user-select:none;-moz-user-select:none;-ms-user-select:none;user-select:none}.df-classic .progress,.df-mobile .progress,.df-mobile .sub,.df-mobile .sup{vertical-align:baseline}.df-btn--small{padding:3.5px 7px;line-height:1.2}.df-btn--plain{border-width:0}.df-card,.df-term{border:1px solid transparent}.df-card{-webkit-box-flex:1;-webkit-flex:1 0 auto;-ms-flex:1 0 auto;flex:1 0 auto;display:-webkit-box;display:-webkit-flex;display:-ms-flexbox;display:flex;-webkit-box-orient:horizontal;-webkit-box-direction:normal;-webkit-flex-flow:row nowrap;-ms-flex-flow:row nowrap;flex-flow:row nowrap;padding:16px}.df-card__content,.df-card__content__block:first-child{-webkit-box-orient:vertical;-webkit-box-direction:normal}.df-card__image{-webkit-box-flex:0;-webkit-flex:0 0 105px;-ms-flex:0 0 105px;flex:0 0 105px;display:block;width:105px;height:105px;margin:0 16px 0 0}.df-card__image img{display:block;max-width:100%;height:auto;max-height:100%;margin:auto}.df-card__content{-webkit-box-flex:1;-webkit-flex:1 0 0px;-ms-flex:1 0 0px;flex:1 0 0px;display:-webkit-box;display:-webkit-flex;display:-ms-flexbox;display:flex;-webkit-flex-direction:column;-ms-flex-direction:column;flex-direction:column}.df-card__content__block{-webkit-box-flex:1;-webkit-flex:1 1 auto;-ms-flex:1 1 auto;flex:1 1 auto;display:block;margin:0;padding:0}.df-card__content__block+.df-card__content__block{margin-top:16px}.df-card__content__block:first-child{display:-webkit-box;display:-webkit-flex;display:-ms-flexbox;display:flex;-webkit-flex-flow:column nowrap;-ms-flex-flow:column nowrap;flex-flow:column nowrap;-webkit-box-flex:1!important;-webkit-flex:1 1 auto!important;-ms-flex:1 1 auto!important;flex:1 1 auto!important}.df-card__content__block:last-child{-webkit-box-flex:0;-webkit-flex:0 0 auto;-ms-flex:0 0 auto;flex:0 0 auto}.df-card__description{-webkit-box-flex:1;-webkit-flex:1 1 auto;-ms-flex:1 1 auto;flex:1 1 auto;margin:16px 0 0;text-overflow:ellipsis}.df-card__price{margin:16px 0 0}.df-card__old-price,.df-card__regular-price,.df-card__sale-price{display:inline-block}.df-card__sale-price{margin-left:8px}.df-card__addtocart{max-width:200px}.df-panel{margin:0 0 16px}.df-panel [class*=grid]{float:none;margin-left:0}.df-panel__title{display:block;padding:8px;margin:0;background:url(""data:image/svg+xml;charset=US-ASCII,%3Csvg%20width%3D%2212%22%20height%3D%2212%22%20viewBox%3D%220%200%2012%2012%22%20xmlns%3D%22http%3A//www.w3.org/2000/svg%22%3E%0A%20%20%20%20%3Cg%20stroke%3D%22none%22%20stroke-width%3D%221%22%20fill%3D%22none%22%3E%0A%20%20%20%20%20%20%20%20%3Cpath%20d%3D%22M10%207L3%207%203%206%2010%206%2010%207%2010%207Z%22%20fill%3D%22%23000000%22/%3E%0A%20%20%20%20%20%20%20%20%3Cpath%20d%3D%22M0%200L12%200%2012%2012%200%2012%200%200Z%22/%3E%0A%20%20%20%20%3C/g%3E%0A%3C/svg%3E%0A"") right 8px center no-repeat!important;max-height:30px}.df-panel__content{padding:0}.df-panel__content__extra{display:none}.df-term{display:-webkit-box;display:-webkit-flex;display:-ms-flexbox;display:flex;-webkit-box-pack:justify;-webkit-justify-content:space-between;-ms-flex-pack:justify;justify-content:space-between;padding:4px 8px;margin-bottom:4px}.df-term__count{margin-left:8px}.df-range{padding:8px}.df-slider{padding:40px 10px}.df-slider .noUi-target,.df-slider .noUi-target *{-webkit-touch-callout:none;-webkit-user-select:none;-ms-touch-action:none;touch-action:none;-ms-user-select:none;-moz-user-select:none;user-select:none;box-sizing:border-box}.df-slider .noUi-target{position:relative;direction:ltr}.df-slider .noUi-base{width:100%;height:100%;position:relative;z-index:1}.df-slider .noUi-origin{position:absolute;right:0;top:0;left:0;bottom:0;border-radius:2px}.df-slider .noUi-handle{position:relative;z-index:1}.df-slider .noUi-stacking .noUi-handle{z-index:10}.df-slider .noUi-state-tap .noUi-origin{-webkit-transition:left .3s,top .3s;-o-transition:left .3s,top .3s;transition:left .3s,top .3s}.df-slider .noUi-state-drag *{cursor:inherit!important}.df-slider .noUi-base,.df-slider .noUi-handle{-webkit-transform:translate3d(0,0,0);transform:translate3d(0,0,0)}.df-slider .noUi-horizontal .noUi-handle{top:-6px}.df-slider .noUi-vertical{width:18px}.df-slider .noUi-vertical .noUi-handle{width:28px;height:34px;left:-6px;top:-17px}.df-slider .noUi-background{background:#FAFAFA}.df-slider .noUi-connect{background:#3FB8AF;-webkit-transition:background 450ms;-o-transition:background 450ms;transition:background 450ms}.df-slider .noUi-target{border-radius:4px;border:1px solid #D3D3D3;box-shadow:inset 0 1px 1px #F0F0F0,0 3px 6px -5px #BBB}.df-slider .noUi-target.noUi-connect{box-shadow:inset 0 0 3px rgba(51,51,51,.45),0 3px 6px -5px #BBB}.df-slider .noUi-draggable{cursor:w-resize}.df-slider .noUi-vertical .noUi-draggable{cursor:n-resize}.df-slider .noUi-handle{border:1px solid #D9D9D9;border-radius:3px;background:#FFF;cursor:default;box-shadow:inset 0 0 1px #FFF,inset 0 1px 7px #EBEBEB,0 3px 6px -3px #BBB}.df-slider .noUi-active{box-shadow:inset 0 0 1px #FFF,inset 0 1px 7px #DDD,0 3px 6px -3px #BBB}.df-slider .noUi-handle:after,.df-slider .noUi-handle:before{content:"""";display:block;position:absolute;height:14px;width:1px;background:#E8E7E6;left:14px;top:6px}.df-slider .noUi-handle:after{left:17px}.df-slider .noUi-vertical .noUi-handle:after,.df-slider .noUi-vertical .noUi-handle:before{width:14px;height:1px;left:6px;top:14px}.df-slider .noUi-vertical .noUi-handle:after{top:17px}.df-slider [disabled] .noUi-connect,.df-slider [disabled].noUi-connect{background:#B8B8B8}.df-slider [disabled] .noUi-handle,.df-slider [disabled].noUi-origin{cursor:not-allowed}.df-slider .noUi-pips{position:absolute;color:#999}.df-slider .noUi-value{position:absolute}.df-slider .noUi-value-sub{color:#ccc;font-size:10px}.df-slider .noUi-marker{position:absolute;background:#CCC}.df-slider .noUi-marker-large,.df-slider .noUi-marker-sub{background:#AAA}.df-slider .noUi-pips-horizontal{padding:10px 0;height:80px;top:100%;left:0;width:100%;z-index:-1}.df-slider .noUi-value-horizontal{-webkit-transform:translate3d(-50%,50%,0);transform:translate3d(-50%,50%,0);font-size:80%}.df-slider .noUi-marker-horizontal.noUi-marker{margin-left:-1px;width:2px;height:5px}.df-slider .noUi-marker-horizontal.noUi-marker-sub{height:10px}.df-slider .noUi-pips-vertical{padding:0 10px;height:100%;top:0;left:100%}.df-slider .noUi-value-vertical{-webkit-transform:translate3d(0,-50%,0);transform:translate3d(0,-50%,0);padding-left:25px}.df-slider .noUi-marker-vertical.noUi-marker{width:5px;height:2px;margin-top:-1px}.df-slider .noUi-horizontal,.df-slider .noUi-marker-horizontal.noUi-marker-large{height:8px}.df-slider .noUi-marker-vertical.noUi-marker-sub{width:10px}.df-slider .noUi-marker-vertical.noUi-marker-large{width:15px}.df-slider .noUi-tooltip{display:block;position:absolute;border:1px solid #D9D9D9;border-radius:3px;background:#fff}.df-slider .noUi-horizontal .noUi-handle::before,.df-slider .noUi-target[disabled] .noUi-tooltip{display:none}.df-slider .noUi-vertical .noUi-handle-lower .noUi-tooltip{left:120%}.df-slider .noUi-vertical .noUi-handle-upper .noUi-tooltip{right:120%}.df-slider .noUi-value-horizontal[data-position=""0""]{-webkit-transform:translate3d(-8px,60%,0);transform:translate3d(-8px,60%,0);left:0}.df-slider .noUi-value-horizontal[data-position=""50""]{-webkit-transform:translate3d(-50%,60%,0);transform:translate3d(-50%,60%,0);left:50%}.df-slider .noUi-value-horizontal[data-position=""100""]{-webkit-transform:translate3d(4px,60%,0);transform:translate3d(4px,60%,0);right:0}.df-slider .noUi-background{background-color:#9AA4AC;box-shadow:none}.df-slider .noUi-connect{background-color:#fff;box-shadow:none}.df-slider .noUi-tooltip{font-size:80%;background-color:#b0b0b0;color:#fff;border-width:0;padding:2px 5px;white-space:nowrap}.df-slider .noUi-horizontal .noUi-handle{left:-9px;width:18px;height:18px;border:1px solid #ddd;border-radius:18px;cursor:ew-resize}.df-slider .noUi-target[disabled],.df-slider .noUi-target[disabled] .noUi-handle{cursor:not-allowed}.df-slider .noUi-horizontal .noUi-handle::after{width:8px;height:8px;border-radius:8px;background-color:#9AA4AC;left:4px;top:4px}.df-slider .noUi-horizontal .noUi-handle.noUi-active::after,.df-slider .noUi-horizontal .noUi-handle:hover::after{background-color:#333}.df-slider .noUi-target[disabled],.df-slider .noUi-target[disabled] .noUi-background,.df-slider .noUi-target[disabled] .noUi-connect,.df-slider .noUi-target[disabled] .noUi-handle.noUi-active::after,.df-slider .noUi-target[disabled] .noUi-handle::after,.df-slider .noUi-target[disabled] .noUi-handle:hover::after{background-color:#d2d6da}.df-slider .noUi-horizontal .noUi-handle-upper .noUi-tooltip{right:0;bottom:-24px}.df-slider .noUi-horizontal .noUi-handle-lower .noUi-tooltip{top:-24px}.df-panel--complete .df-panel__content__extra{display:block}.df-panel--collapse .df-panel__title{background-image:url(""data:image/svg+xml;charset=US-ASCII,%3Csvg%20fill%3D%22%23000000%22%20width%3D%2212%22%20height%3D%2212%22%20viewBox%3D%220%200%2012%2012%22%20xmlns%3D%22http%3A//www.w3.org/2000/svg%22%3E%0A%20%20%20%20%3Cg%20stroke%3D%22none%22%20stroke-width%3D%221%22%20fill%3D%22none%22%3E%0A%20%20%20%20%20%20%20%20%3Cpath%20d%3D%22M10%207L7%207%207%2010%206%2010%206%207%203%207%203%206%206%206%206%203%207%203%207%206%2010%206%2010%207%2010%207Z%22%20fill%3D%22%23000000%22/%3E%0A%20%20%20%20%20%20%20%20%3Cpath%20d%3D%22M0%200L12%200%2012%2012%200%2012%200%200Z%22/%3E%0A%20%20%20%20%3C/g%3E%0A%3C/svg%3E%0A"")!important;margin-bottom:0}.df-panel--collapse .df-panel__content>*{display:none}.df-panel--collapse .df-panel__content .df-term--selected{display:-webkit-box;display:-webkit-flex;display:-ms-flexbox;display:flex}.df-icon{display:inline-block;line-height:24px;width:24px;height:24px}.df-results{-webkit-box-flex:1;-webkit-flex:1;-ms-flex:1;flex:1}.df-results__content{list-style:none;padding:0;margin:0}.df-separator{margin:0;height:1px;background:#ccc;border:0}.df-header,.df-main,.df-panel,.df-panel__title,.df-results,.df-term{background-color:inherit}.df-layer--grid .df-results__content{display:-webkit-box;display:-webkit-flex;display:-ms-flexbox;display:flex;-webkit-box-orient:horizontal;-webkit-box-direction:normal;-webkit-flex-flow:row wrap;-ms-flex-flow:row wrap;flex-flow:row wrap}.df-layer--grid .df-results__item{-webkit-box-flex:1;-webkit-flex:1 0 210px;-ms-flex:1 0 210px;flex:1 0 210px;display:-webkit-box;display:-webkit-flex;display:-ms-flexbox;display:flex;-webkit-box-orient:vertical;-webkit-box-direction:normal;-webkit-flex-flow:column nowrap;-ms-flex-flow:column nowrap;flex-flow:column nowrap}.df-layer--grid .df-card{-webkit-box-orient:vertical;-webkit-box-direction:normal;-webkit-flex-direction:column;-ms-flex-direction:column;flex-direction:column}.df-layer--grid .df-card__image{-webkit-box-flex:1;-webkit-flex:1 1 178px;-ms-flex:1 1 178px;flex:1 1 178px;width:inherit;height:178px;margin:0 0 16px}.df-layer--grid .df-card__content{-webkit-box-flex:1;-webkit-flex:1 0 auto;-ms-flex:1 0 auto;flex:1 0 auto}.df-layer--grid .df-card__addtocart{max-width:none}.df-layer--grid .df-card__description{display:none}.df-layer--grid .df-card__title{font-weight:400}.df-card__old-price,.df-card__regular-price,.df-card__sale-price,.df-card__title,.df-classic .b,.df-classic .strong,.df-panel__title{font-weight:700}.df-header{border-color:#eee}.df-results{padding:0}.df-panel__title{color:#333;font-family:Arial,sans-serif;text-decoration:none}.df-panel__subtitle{color:#747474}.df-term{line-height:1.4;text-decoration:none;color:#333}.df-term:active,.df-term:focus,.df-term:hover{border-radius:4px;background-color:#eee;border-color:#eee;text-decoration:none}.df-term__count{color:#747474}.df-term.df-term--selected{border-radius:4px;background-color:#F30018;border-color:#F30018;color:#fff}.df-term.df-term--selected:active,.df-term.df-term--selected:focus,.df-term.df-term--selected:hover{background-color:#da0015;border-color:#da0015}.df-term.df-term--selected:hover{color:#fff}.df-term.df-term--selected .df-term__count{color:inherit}.df-card{background-color:inherit;border-color:#f7f7f7}.df-card:hover{background-color:#fafafa}.df-card:empty:hover,.df-card__image{background-color:inherit}.df-card__content__block:first-child,.df-card__content__block:first-child:link,.df-card__content__block:first-child:visited{color:inherit;text-decoration:none}.df-card__description{font-size:13px}.df-card__old-price{text-decoration:line-through}.df-card__sale-price{color:red}.df-btn{color:#fff;background-color:#4D5154;border-color:#4D5154}.df-btn:active,.df-btn:focus,.df-btn:hover{background-color:#414447;border-color:#414447}.df-btn.df-card__addtocart{background-color:#F30018;color:#fff;border:none;border-radius:4px}.df-btn.df-card__addtocart:active,.df-btn.df-card__addtocart:focus,.df-btn.df-card__addtocart:hover{color:#fff;background-color:#da0015;border-color:#da0015}.df-btn--plain,.df-btn--plain:active,.df-btn--plain:focus,.df-btn--plain:hover{background-color:transparent;border-color:transparent}.df-btn--plain{color:#747474}.df-btn--plain:hover{color:#333}.df-nav--tabs{background:#fff;border-bottom:1px solid #ccc}.df-nav--tabs .df-nav__link{font-size:13px;border-top-right-radius:4px;border-top-left-radius:4px}.df-nav--tabs .df-nav__link,.df-nav--tabs .df-nav__link:link,.df-nav--tabs .df-nav__link:visited{color:inherit;text-decoration:none}.df-nav--tabs .df-nav__link:focus,.df-nav--tabs .df-nav__link:hover{border-color:#ccc #ccc transparent}.df-nav--tabs .df-nav__item--active .df-nav__link{font-weight:700;background-color:#fff;border-color:#ccc #ccc transparent}.df-icon svg{fill:#747474}.df-icon:active svg,.df-icon:focus svg,.df-icon:hover svg{fill:#4D5154}.df-icon--close svg{fill:#747474}.df-icon--close:active svg,.df-icon--close:focus svg,.df-icon--close:hover svg{fill:#da0015}#doofinderLogo{position:absolute;right:12px;bottom:3px;font-size:9px!important;line-height:150%;float:none;margin:0;padding:0;border:0}#doofinderLogo a{text-decoration:none!important;color:#606569!important}i.doofinder-logo-small{display:inline-block;width:39px;height:10px;margin:0;padding:0;border:0;text-indent:-9999px;background-repeat:no-repeat;background-image:url(data:image/png;base64,iVBORw0KGgoAAAANSUhEUgAAACcAAAAKCAYAAAA3kUfdAAAKQWlDQ1BJQ0MgUHJvZmlsZQAASA2dlndUU9kWh8+9N73QEiIgJfQaegkg0jtIFQRRiUmAUAKGhCZ2RAVGFBEpVmRUwAFHhyJjRRQLg4Ji1wnyEFDGwVFEReXdjGsJ7601896a/cdZ39nnt9fZZ+9917oAUPyCBMJ0WAGANKFYFO7rwVwSE8vE9wIYEAEOWAHA4WZmBEf4RALU/L09mZmoSMaz9u4ugGS72yy/UCZz1v9/kSI3QyQGAApF1TY8fiYX5QKUU7PFGTL/BMr0lSkyhjEyFqEJoqwi48SvbPan5iu7yZiXJuShGlnOGbw0noy7UN6aJeGjjAShXJgl4GejfAdlvVRJmgDl9yjT0/icTAAwFJlfzOcmoWyJMkUUGe6J8gIACJTEObxyDov5OWieAHimZ+SKBIlJYqYR15hp5ejIZvrxs1P5YjErlMNN4Yh4TM/0tAyOMBeAr2+WRQElWW2ZaJHtrRzt7VnW5mj5v9nfHn5T/T3IevtV8Sbsz55BjJ5Z32zsrC+9FgD2JFqbHbO+lVUAtG0GQOXhrE/vIADyBQC03pzzHoZsXpLE4gwnC4vs7GxzAZ9rLivoN/ufgm/Kv4Y595nL7vtWO6YXP4EjSRUzZUXlpqemS0TMzAwOl89k/fcQ/+PAOWnNycMsnJ/AF/GF6FVR6JQJhIlou4U8gViQLmQKhH/V4X8YNicHGX6daxRodV8AfYU5ULhJB8hvPQBDIwMkbj96An3rWxAxCsi+vGitka9zjzJ6/uf6Hwtcim7hTEEiU+b2DI9kciWiLBmj34RswQISkAd0oAo0gS4wAixgDRyAM3AD3iAAhIBIEAOWAy5IAmlABLJBPtgACkEx2AF2g2pwANSBetAEToI2cAZcBFfADXALDIBHQAqGwUswAd6BaQiC8BAVokGqkBakD5lC1hAbWgh5Q0FQOBQDxUOJkBCSQPnQJqgYKoOqoUNQPfQjdBq6CF2D+qAH0CA0Bv0BfYQRmALTYQ3YALaA2bA7HAhHwsvgRHgVnAcXwNvhSrgWPg63whfhG/AALIVfwpMIQMgIA9FGWAgb8URCkFgkAREha5EipAKpRZqQDqQbuY1IkXHkAwaHoWGYGBbGGeOHWYzhYlZh1mJKMNWYY5hWTBfmNmYQM4H5gqVi1bGmWCesP3YJNhGbjS3EVmCPYFuwl7ED2GHsOxwOx8AZ4hxwfrgYXDJuNa4Etw/XjLuA68MN4SbxeLwq3hTvgg/Bc/BifCG+Cn8cfx7fjx/GvyeQCVoEa4IPIZYgJGwkVBAaCOcI/YQRwjRRgahPdCKGEHnEXGIpsY7YQbxJHCZOkxRJhiQXUiQpmbSBVElqIl0mPSa9IZPJOmRHchhZQF5PriSfIF8lD5I/UJQoJhRPShxFQtlOOUq5QHlAeUOlUg2obtRYqpi6nVpPvUR9Sn0vR5Mzl/OX48mtk6uRa5Xrl3slT5TXl3eXXy6fJ18hf0r+pvy4AlHBQMFTgaOwVqFG4bTCPYVJRZqilWKIYppiiWKD4jXFUSW8koGStxJPqUDpsNIlpSEaQtOledK4tE20Otpl2jAdRzek+9OT6cX0H+i99AllJWVb5SjlHOUa5bPKUgbCMGD4M1IZpYyTjLuMj/M05rnP48/bNq9pXv+8KZX5Km4qfJUilWaVAZWPqkxVb9UU1Z2qbapP1DBqJmphatlq+9Uuq43Pp893ns+dXzT/5PyH6rC6iXq4+mr1w+o96pMamhq+GhkaVRqXNMY1GZpumsma5ZrnNMe0aFoLtQRa5VrntV4wlZnuzFRmJbOLOaGtru2nLdE+pN2rPa1jqLNYZ6NOs84TXZIuWzdBt1y3U3dCT0svWC9fr1HvoT5Rn62fpL9Hv1t/ysDQINpgi0GbwaihiqG/YZ5ho+FjI6qRq9Eqo1qjO8Y4Y7ZxivE+41smsImdSZJJjclNU9jU3lRgus+0zwxr5mgmNKs1u8eisNxZWaxG1qA5wzzIfKN5m/krCz2LWIudFt0WXyztLFMt6ywfWSlZBVhttOqw+sPaxJprXWN9x4Zq42Ozzqbd5rWtqS3fdr/tfTuaXbDdFrtOu8/2DvYi+yb7MQc9h3iHvQ732HR2KLuEfdUR6+jhuM7xjOMHJ3snsdNJp9+dWc4pzg3OowsMF/AX1C0YctFx4bgccpEuZC6MX3hwodRV25XjWuv6zE3Xjed2xG3E3dg92f24+ysPSw+RR4vHlKeT5xrPC16Il69XkVevt5L3Yu9q76c+Oj6JPo0+E752vqt9L/hh/QL9dvrd89fw5/rX+08EOASsCegKpARGBFYHPgsyCRIFdQTDwQHBu4IfL9JfJFzUFgJC/EN2hTwJNQxdFfpzGC4sNKwm7Hm4VXh+eHcELWJFREPEu0iPyNLIR4uNFksWd0bJR8VF1UdNRXtFl0VLl1gsWbPkRoxajCCmPRYfGxV7JHZyqffS3UuH4+ziCuPuLjNclrPs2nK15anLz66QX8FZcSoeGx8d3xD/iRPCqeVMrvRfuXflBNeTu4f7kufGK+eN8V34ZfyRBJeEsoTRRJfEXYljSa5JFUnjAk9BteB1sl/ygeSplJCUoykzqdGpzWmEtPi000IlYYqwK10zPSe9L8M0ozBDuspp1e5VE6JA0ZFMKHNZZruYjv5M9UiMJJslg1kLs2qy3mdHZZ/KUcwR5vTkmuRuyx3J88n7fjVmNXd1Z752/ob8wTXuaw6thdauXNu5Tnddwbrh9b7rj20gbUjZ8MtGy41lG99uit7UUaBRsL5gaLPv5sZCuUJR4b0tzlsObMVsFWzt3WazrWrblyJe0fViy+KK4k8l3JLr31l9V/ndzPaE7b2l9qX7d+B2CHfc3em681iZYlle2dCu4F2t5czyovK3u1fsvlZhW3FgD2mPZI+0MqiyvUqvakfVp+qk6oEaj5rmvep7t+2d2sfb17/fbX/TAY0DxQc+HhQcvH/I91BrrUFtxWHc4azDz+ui6rq/Z39ff0TtSPGRz0eFR6XHwo911TvU1zeoN5Q2wo2SxrHjccdv/eD1Q3sTq+lQM6O5+AQ4ITnx4sf4H++eDDzZeYp9qukn/Z/2ttBailqh1tzWibakNml7THvf6YDTnR3OHS0/m/989Iz2mZqzymdLz5HOFZybOZ93fvJCxoXxi4kXhzpXdD66tOTSna6wrt7LgZevXvG5cqnbvfv8VZerZ645XTt9nX297Yb9jdYeu56WX+x+aem172296XCz/ZbjrY6+BX3n+l37L972un3ljv+dGwOLBvruLr57/17cPel93v3RB6kPXj/Mejj9aP1j7OOiJwpPKp6qP6391fjXZqm99Oyg12DPs4hnj4a4Qy//lfmvT8MFz6nPK0a0RupHrUfPjPmM3Xqx9MXwy4yX0+OFvyn+tveV0auffnf7vWdiycTwa9HrmT9K3qi+OfrW9m3nZOjk03dp76anit6rvj/2gf2h+2P0x5Hp7E/4T5WfjT93fAn88ngmbWbm3/eE8/syOll+AAADr0lEQVQ4Ec1UXWhcRRSec+bubjabRmOTiLUpYtvdrEEtqBBsq427gviDGElAkNLoQ5V0q5IfX8yLChpUELT+IJgHqWAtGH8efDDUKhRpaG2JhXYba2pVSLJ3S7vd7M+9M8dzbrNlG6HPDsydM9/5zpkz38wdICL1f20I0np6HCkwnsoMbExnplYWG3D4U48LJvP8cPyF/GiSFkeTO3Kj8WGZB7x6vtjcv+wHLb7cSOeruZHkXrFrmNjCCcblD7JyRAcO+DInRQ8BqXU1wrotz64J8IB0WeJ6bGEocadC/a6y5sUf505+pgibefmKxMgqsvDiYHuT4njpffvIXPbBo6hotdiC/TO4oUNs4QR8NucGoAEkLvFg5g1L6hmWsZ0Zb2b938biuuugArxXkT2UNSfu7/BubY9Go18rhXeXDH7zYeehl7qbLhyMOXptoWo+cDTNWNLveGX/Hh2CJxD1kxzrsxjx8pJ/+5o9s+fckc5PuejexhBeVzL+8y3j2Y/c0cS3XMsm7scKi9m+5tbEJNd0A6tYhPUP7BrWCG9Za+9SCD9zQc+hoft4q9vcYmNP66rSOR/sI9qonSx6qyVvO2Jk1q3qVG7z5OOuH+61xfNJjLYkY2F9uFgoJVVD5DVO/jCR6W8KOd9drJhNfJ5PKY0ZZe02QDhsrLdVQ+hpvvEJXvsHrfXrYfJurEJonqydVpUqr4MwZnw1cHrq/aOooNEq4xKq/rzv7HR/Gf+Ld6S0gfWEkGZ1M6enPv5dMHf+5hyr2EaEP7XtWbgESl+/5FO1cGluTgF1I5ihBmWnGVPWsx5oeFkKo0rpbzl0U8U8APXyUcY0Yke17HcVyEYlt1e1O1a/98dJZJmbWbk7NqZ2fSEONN4pwVpC3pbguBUtsYJfSeF8qzcnUrs/4d1eVKdGZs77TlqB+VXiLNk0l7EQa2xzIlqvtQaOeIi97KpS2BTDGhWiSkEkOin8cmH2jFUYU6jm0bOfC8ehULf4tLnwp4wod4yTPsabOcHy7pu12bMWYDvvbpB9aV51qyhIlnYTqFcU2NvcQrSL7wXfVmxD6xyXRJypQgQTgA3NFc9MF9zsjMDM2nvT22fOVnw7YQn7CeB7xiZumaCyHDtZ2EBh2O9gpGeZv19OQuzghxDjWo0vtfCuehDlOWDZx0wxv6qW7Fo5/uOTZ2NFzpWc4J0TsPbWBbYELjfBpbB6f26oczwozJo+Keyqt6oWWD/K7rgJdIXLOa/Y4lj2i1lr/wI40M6GL3W2HwAAAABJRU5ErkJggg%3D%3D);position:relative;top:2px}html.df-fix-layout,html.df-fix-layout body{overflow:hidden;margin:0;padding:0;width:100%;height:100%;position:relative}.df-hidden{display:none}.df-classic{font-family:sans-serif;z-index:2147483647}.df-classic *,.df-classic :after,.df-classic :before{box-sizing:inherit}.df-classic .article,.df-classic .aside,.df-classic .figcaption,.df-classic .figure,.df-classic .footer,.df-classic .header,.df-classic .hgroup,.df-classic .menu,.df-classic .nav,.df-classic .section{display:block}.df-classic [hidden]{display:none}.df-classic .abbr[title]{border-bottom:1px dotted}.df-classic .small{font-size:80%}.df-classic .sub,.df-classic .sup{font-size:75%;line-height:0;position:relative;vertical-align:baseline}.df-classic .sup{top:-.5em}.df-classic .sub{bottom:-.25em}.df-classic .img{border:0}.df-classic .figure{margin:1em 40px}.df-classic .hr{box-sizing:content-box}.df-classic .pre{overflow:auto}.df-classic .code,.df-classic .kbd,.df-classic .pre,.df-classic .samp{font-family:monospace,monospace;font-size:1em}.df-classic .input,.df-classic .optgroup,.df-classic .select,.df-classic .textarea{color:inherit;font:inherit;margin:0}.df-classic .optgroup,.df-mobile .b,.df-mobile .strong{font-weight:700}.df-classic .button{overflow:visible}.df-classic .df-aside__content,.df-classic .df-results{overflow-y:auto;overflow-x:hidden}.df-classic .button,.df-classic .input[type=reset],.df-classic .input[type=submit],.df-classic html .input[type=button]{-webkit-appearance:button;cursor:pointer}.df-classic .button[disabled],.df-classic html .input[disabled]{cursor:default}.df-classic .button::-moz-focus-inner,.df-classic .input::-moz-focus-inner{border:0;padding:0}.df-classic .input{line-height:normal}.df-classic .input[type=radio],.df-classic .input[type=checkbox]{box-sizing:border-box;padding:0}.df-classic .input[type=number]::-webkit-inner-spin-button,.df-classic .input[type=number]::-webkit-outer-spin-button{height:auto}.df-classic .input[type=search]{-webkit-appearance:textfield;box-sizing:content-box}.df-classic .input[type=search]::-webkit-search-cancel-button,.df-classic .input[type=search]::-webkit-search-decoration{-webkit-appearance:none}.df-classic .fieldset{border:1px solid silver;margin:0 2px;padding:.35em .625em .75em}.df-classic .legend{border:0;padding:0}.df-classic .textarea{overflow:auto}.df-classic .df-aside__content,.df-classic .df-results,.df-mobile{-webkit-overflow-scrolling:touch}.df-classic .table{border-collapse:collapse;border-spacing:0}.df-classic .td,.df-classic .th{padding:0}.df-classic a,.df-classic a:hover{color:initial}@media (max-width:960px){.df-classic{width:100%!important;left:0!important;margin-left:0!important}}.df-classic .df-classic__content{display:-webkit-box;display:-webkit-flex;display:-ms-flexbox;display:flex;-webkit-box-orient:horizontal;-webkit-box-direction:normal;-webkit-flex-flow:row nowrap;-ms-flex-flow:row nowrap;flex-flow:row nowrap;position:static;width:100%;height:100%;padding:0;margin:0}.df-classic .df-aside{display:none;-webkit-box-orient:vertical;-webkit-box-direction:normal;-webkit-flex-flow:column nowrap;-ms-flex-flow:column nowrap;flex-flow:column nowrap;min-width:210px;padding:0}.df-classic .df-aside__header{-webkit-box-flex:0;-webkit-flex:0 0 auto;-ms-flex:0 0 auto;flex:0 0 auto;display:none;-webkit-box-orient:horizontal;-webkit-box-direction:normal;-webkit-flex-flow:row nowrap;-ms-flex-flow:row nowrap;flex-flow:row nowrap;-webkit-box-pack:end;-webkit-justify-content:flex-end;-ms-flex-pack:end;justify-content:flex-end;-webkit-box-align:center;-webkit-align-items:center;-ms-flex-align:center;align-items:center;height:30px;padding:0 4px;border-width:0;border-bottom:1px solid transparent}.df-classic .df-header,.df-classic .df-main{display:-webkit-box;display:-webkit-flex;display:-ms-flexbox;-webkit-box-direction:normal}.df-classic .df-aside__content{-webkit-box-flex:1;-webkit-flex:1 1 auto;-ms-flex:1 1 auto;flex:1 1 auto;padding:8px;border-width:0}.df-classic .df-main{-webkit-box-flex:1;-webkit-flex:1 0 226px;-ms-flex:1 0 226px;flex:1 0 226px;display:flex;-webkit-box-orient:vertical;-webkit-flex-flow:column nowrap;-ms-flex-flow:column nowrap;flex-flow:column nowrap;position:relative;overflow-x:hidden}.df-classic .df-header{-webkit-box-flex:0;-webkit-flex:0 0 auto;-ms-flex:0 0 auto;flex:0 0 auto;height:30px;display:flex;-webkit-box-orient:horizontal;-webkit-flex-flow:row nowrap;-ms-flex-flow:row nowrap;flex-flow:row nowrap;padding:4px;border-style:solid;border-width:0 0 1px}.df-classic .df-header>div{-webkit-box-flex:0;-webkit-flex:0 0 auto;-ms-flex:0 0 auto;flex:0 0 auto;display:-webkit-box;display:-webkit-flex;display:-ms-flexbox;display:flex;-webkit-box-orient:horizontal;-webkit-box-direction:normal;-webkit-flex-flow:row nowrap;-ms-flex-flow:row nowrap;flex-flow:row nowrap;-webkit-box-align:center;-webkit-align-items:center;-ms-flex-align:center;align-items:center}.df-classic .df-header>div:nth-child(1){-webkit-box-pack:start;-webkit-justify-content:flex-start;-ms-flex-pack:start;justify-content:flex-start}.df-classic .df-header>div:nth-child(2){-webkit-box-flex:2;-webkit-flex:2 1 auto;-ms-flex:2 1 auto;flex:2 1 auto;-webkit-box-pack:center;-webkit-justify-content:center;-ms-flex-pack:center;justify-content:center}.df-classic .df-header>div:nth-child(3){-webkit-box-pack:end;-webkit-justify-content:flex-end;-ms-flex-pack:end;justify-content:flex-end}.df-classic #doofinderLogo{right:16px}.df-classic{font-size:14px;color:#333;background-color:#fff;border:1px solid #ccc;border-radius:4px}.df-classic .df-header,.df-classic .df-panel__title,.df-classic .df-term{font-size:13px}.df-classic .df-aside{background-color:#fafafa}.df-classic .df-aside__header{border-style:solid;border-color:transparent transparent transparent #eee}.df-classic .df-aside__content{border-style:solid;border-color:#eee}.df-classic.df-layer--with-facets .df-aside{display:none}@media screen and (min-width:33.9em){.df-classic.df-layer--with-facets .df-aside{display:-webkit-box;display:-webkit-flex;display:-ms-flexbox;display:flex}}@media screen and (min-width:33.9em) and (max-width:960px){.df-classic.df-layer--with-facets .df-aside{width:250px}}.df-classic.df-layer--with-facets .df-aside__header .df-icon--close{display:none}.df-classic.df-layer--with-facets .df-aside__content,.df-classic.df-layer--with-facets .df-aside__header{border-left-width:0;border-right-width:1px}.df-classic.df-layer--with-facets .df-aside__content{padding-top:30px}.df-classic.df-layer--with-facets.df-layer--inverse .df-aside,.df-classic.df-layer--with-facets.df-layer--inverse .df-aside__content{padding-top:0}.df-classic.df-layer--with-facets.df-layer--inverse .df-layer__content{-webkit-box-orient:horizontal;-webkit-box-direction:reverse;-webkit-flex-direction:row-reverse;-ms-flex-direction:row-reverse;flex-direction:row-reverse}.df-classic.df-layer--with-facets.df-layer--inverse .df-aside__header{display:-webkit-box;display:-webkit-flex;display:-ms-flexbox;display:flex}.df-classic.df-layer--with-facets.df-layer--inverse .df-aside__header .df-icon--close{display:block}.df-classic.df-layer--with-facets.df-layer--inverse .df-aside__content,.df-classic.df-layer--with-facets.df-layer--inverse .df-aside__header{border-left-width:1px;border-right-width:0}@media screen and (min-width:33.9em){.df-classic.df-layer--with-facets.df-layer--inverse .df-main .df-header .df-icon--close{display:none}}.df-mobile{font-size:16px;font-family:sans-serif;box-sizing:border-box;position:fixed;top:0;right:0;bottom:0;left:0;z-index:2147483647;overflow-y:scroll;background-position:center 200px;background-repeat:no-repeat;background-attachment:fixed}.df-mobile *,.df-mobile :after,.df-mobile :before{box-sizing:inherit}.df-mobile .article,.df-mobile .aside,.df-mobile .figcaption,.df-mobile .figure,.df-mobile .footer,.df-mobile .header,.df-mobile .hgroup,.df-mobile .menu,.df-mobile .nav,.df-mobile .section{display:block}.df-mobile [hidden]{display:none}.df-mobile .abbr[title]{border-bottom:1px dotted}.df-mobile .small{font-size:80%}.df-mobile .sub,.df-mobile .sup{font-size:75%;line-height:0;position:relative}.df-mobile .sup{top:-.5em}.df-mobile .sub{bottom:-.25em}.df-mobile .img{border:0}.df-mobile .svg:not(:root){overflow:hidden}.df-mobile .figure{margin:1em 40px}.df-mobile .hr{box-sizing:content-box}.df-mobile .pre{overflow:auto}.df-mobile .code,.df-mobile .kbd,.df-mobile .pre,.df-mobile .samp{font-family:monospace,monospace;font-size:1em}.df-mobile .input,.df-mobile .optgroup,.df-mobile .select,.df-mobile .textarea{color:inherit;font:inherit;margin:0}.df-mobile .button{overflow:visible}.df-mobile .button,.df-mobile .input[type=reset],.df-mobile .input[type=submit],.df-mobile html .input[type=button]{-webkit-appearance:button;cursor:pointer}.df-mobile .button[disabled],.df-mobile html .input[disabled]{cursor:default}.df-mobile .button::-moz-focus-inner,.df-mobile .input::-moz-focus-inner{border:0;padding:0}.df-mobile .input{line-height:normal}.df-mobile .input[type=radio],.df-mobile .input[type=checkbox]{box-sizing:border-box;padding:0}.df-mobile .input[type=number]::-webkit-inner-spin-button,.df-mobile .input[type=number]::-webkit-outer-spin-button{height:auto}.df-mobile .input[type=search]{-webkit-appearance:textfield;box-sizing:content-box}.df-mobile .input[type=search]::-webkit-search-cancel-button,.df-mobile .input[type=search]::-webkit-search-decoration{-webkit-appearance:none}.df-mobile .fieldset{border:1px solid silver;margin:0 2px;padding:.35em .625em .75em}.df-mobile .legend{border:0;padding:0}.df-mobile .textarea{overflow:auto}.df-mobile .optgroup{font-weight:700}.df-mobile .table{border-collapse:collapse;border-spacing:0}.df-mobile .td,.df-mobile .th{padding:0}.df-mobile a,.df-mobile a:hover{color:initial}.df-mobile .df-mobile__wrapper{position:relative}.df-mobile .df-mobile__header{margin:0;padding:12px}.df-mobile .df-mobile__header form{padding:0;margin:0}.df-mobile .df-mobile__header__image{padding:0;margin:0 0 12px;text-align:center}.df-mobile .df-mobile__header__image img{display:inline-block}.df-mobile .df-mobile__content{display:-webkit-box;display:-webkit-flex;display:-ms-flexbox;display:flex;-webkit-box-orient:horizontal;-webkit-box-direction:normal;-webkit-flex-flow:row wrap;-ms-flex-flow:row wrap;flex-flow:row wrap;padding:0}.df-mobile .df-mobile__content.df-mobile__content--lastpage{padding-bottom:102px}.df-mobile .df-mobile__action-button{display:block;width:54px;height:54px;padding:0;margin:0;overflow:hidden;line-height:.5;border:2px solid #747474;border-radius:54px;box-shadow:0 3px 6px rgba(0,0,0,.16),0 3px 6px rgba(0,0,0,.23);position:fixed;bottom:24px;z-index:2147483647;-webkit-transform:translate(0,100px);-o-transform:translate(0,100px);transform:translate(0,100px);-webkit-transition-delay:0;-o-transition-delay:0;transition-delay:0;-webkit-transition-duration:0;-o-transition-duration:0;transition-duration:0;-webkit-transition-timing-function:cubic-bezier(0,0,.58,1);-o-transition-timing-function:cubic-bezier(0,0,.58,1);transition-timing-function:cubic-bezier(0,0,.58,1)}.df-mobile .df-mobile__action-button[data-role=close]{left:24px}.df-mobile .df-mobile__action-button[data-role=scrolltop]{right:24px}.df-mobile .df-mobile__action-button svg{fill:#747474}.df-mobile .df-mobile__action-button.df-in{opacity:1;-webkit-transform:translate(0,0);-o-transform:translate(0,0);transform:translate(0,0);-webkit-transition-duration:120ms;-o-transition-duration:120ms;transition-duration:120ms}.df-mobile .df-mobile__action-button.df-out{opacity:0;-webkit-transform:translate(0,100px);-o-transform:translate(0,100px);transform:translate(0,100px)}.df-mobile .df-mobile__overlay{position:fixed;top:0;left:0;right:0;bottom:0;z-index:2147483645}.df-mobile .df-card{border-width:1px 0 0}.df-mobile .df-card:first-child{border-top-width:0}.df-mobile .df-mobile__searchbox{display:-webkit-box;display:-webkit-flex;display:-ms-flexbox;display:flex;-webkit-box-orient:horizontal;-webkit-box-direction:normal;-webkit-flex-flow:row nowrap;-ms-flex-flow:row nowrap;flex-flow:row nowrap;-webkit-box-pack:center;-webkit-justify-content:center;-ms-flex-pack:center;justify-content:center;margin:0;padding:0 0 0 16px;line-height:2;box-shadow:0 1px 3px rgba(0,0,0,.12),0 1px 2px rgba(0,0,0,.24)}.df-mobile .df-mobile__searchbox svg{-webkit-box-flex:0;-webkit-flex:0 0 auto;-ms-flex:0 0 auto;flex:0 0 auto;-webkit-align-self:center;-ms-flex-item-align:center;-ms-grid-row-align:center;align-self:center;margin:0 8px 0 0}.df-mobile .df-mobile__searchbox button,.df-mobile .df-mobile__searchbox input[type=search]{box-sizing:border-box;display:block;height:48px;border:0;border-radius:0;margin:0}.df-mobile .df-mobile__searchbox input[type=search]{-webkit-appearance:none;-webkit-align-self:stretch;-ms-flex-item-align:stretch;-ms-grid-row-align:stretch;align-self:stretch;-webkit-box-flex:1;-webkit-flex:1 1 auto;-ms-flex:1 1 auto;flex:1 1 auto;width:20px;font-size:18px;padding:8px 0 8px 8px;text-align:left;text-overflow:ellipsis;line-height:inherit}.df-mobile .df-mobile__searchbox input[type=search]::-webkit-search-cancel-button{display:none}.df-mobile .df-mobile__searchbox button{-webkit-box-flex:0;-webkit-flex:0 1 auto;-ms-flex:0 1 auto;flex:0 1 auto;font-size:13px;font-weight:700;padding:0 16px;text-align:center;line-height:1;width:auto}.df-mobile .df-mobile__searchbox button[data-role=clear]{display:block}.df-mobile .df-mobile__searchbox button[data-role=close],.df-mobile .df-mobile__searchbox[data-empty=true] button[data-role=clear]{display:none}.df-mobile .df-mobile__searchbox button[data-role=close]:focus{color:#D9534F}.df-mobile .df-mobile__searchbox[data-empty=true] button[data-role=close]{display:block}.df-mobile.df-layer--grid .df-card{-webkit-flex-shrink:1;-ms-flex-negative:1;flex-shrink:1;width:50%}.df-mobile.df-layer--grid .df-card:nth-child(2){border-top-width:0}.df-mobile.df-layer--grid .df-card:nth-child(even){border-left-width:1px}.df-mobile.df-layer--grid .df-card__image{-webkit-box-flex:1;-webkit-flex:1 1 auto;-ms-flex:1 1 auto;flex:1 1 auto;width:100%}.df-mobile,.df-mobile .df-mobile__content,.df-mobile .df-mobile__header{background-color:#eee}.df-mobile .df-mobile__action-button{background-color:#fff;opacity:.85}.df-mobile .df-mobile__action-button[data-role=close]{border-color:#D9534F}.df-mobile .df-mobile__action-button[data-role=close] svg{fill:#D9534F}.df-mobile .df-mobile__searchbox{background:#fff;color:#747474}.df-mobile .df-mobile__searchbox svg{fill:#747474}.df-mobile .df-mobile__searchbox button,.df-mobile .df-mobile__searchbox input[type=search]{background:inherit;color:inherit;outline:0}.df-mobile .df-mobile__searchbox button[data-role=clear]:focus{color:#D9534F}.df-mobile .df-card{background-color:#fff} Liebe Kunden: Wir befinden uns vom 22.12.2017 bis 07.01.2018 in Betriebsferien! Eingehende Bestellungen und Anfragen werden wir anschließend bearbeiten. Es wurde festgestellt, dass Cookies in Ihrem Browser deaktiviert sind. Um Piaggio-Vespa Online Shop Zubehör Ersatzteile Bekleidung in vollem Umfang nutzen zu können, empfehlen wir Ihnen, Cookies in Ihrem Browser zu aktiveren. Um Piaggio-Vespa Online Shop Zubehör Ersatzteile Bekleidung in vollem Umfang nutzen zu können, empfehlen wir Ihnen Javascript in Ihrem Browser zu aktiveren. DE AT NL € EUR $ USD £ GBP € EUR Service/Hilfe Hilfe & Kontakt Menü Suchen Suchen Mein Konto Warenkorb 0 0,00 € * Vespa Fahrzeuge Vespa Zubehör Piaggio Zubehör MP3 Zubehör Ersatzteile Bekleidung Helme Lifestyle Geschenkgutscheine SALE % WÄHLEN SIE IHRE VESPA PX LX LXV S GT GTV GTS Primavera Sprint 50 ccm 100 ccm 125 ccm 180 ccm 200 ccm 250 ccm 300 ccm 350 ccm 400 ccm 500 ccm WÄHLEN SIE IHREN MP3 MP3 Yourban 125 MP3 Yourban 300 MP3 125 MP3 250 MP3 300 MP3 400 MP3 500 MP3 500 ab 2014 BEKLEDIUNG Lederjacken Textiljacken Abriebfeste Jeans Regenbekleidung Handschuhe Stiefel und Schuhe HELME Vespa Helme Shoei Helme Nolan Helme X-Lite Helme Caberg Helme LS2 Helme Scorpion Helme HJC Helme  Menü schließen € EUR $ USD £ GBP € EUR Kategorien Vespa Fahrzeuge Vespa Zubehör Piaggio Zubehör MP3 Zubehör Ersatzteile Bekleidung Helme Lifestyle Geschenkgutscheine SALE % Informationen Hilfe & Kontakt Zahlen Sie bei uns bequem und einfach mit 1 2 3 Vespa Windschild Sportscheibe Cruiser getönt... ab 83,90 € * 93,00 € * Abdeckplane für Vespa Primavera, Sprint, LX, S,... 79,95 € * 89,00 € * Top Case Gepäck-Träger Chrom Vespa Primavera /... 88,95 € * 99,00 € * Windschild Sportscheibe Cruiser GTS / Super ab 82,90 € * 105,00 € * Top Case Gepäck-Träger Chrom Vespa Primavera /... 88,95 € * 99,00 € * Original Vespa GTS Super Aufklebersatz Sport... 43,95 € * 49,95 € * Vespa Helm Steel - silber 229,95 € * 255,00 € * Vespa Jethelm VJ1 - weiß 134,95 € * 149,90 € * Vespa Ledertasche 70er jahre 529,00 € * 595,00 € * NEU Original Vespa Ledertasche Braun 339,00 € * 379,00 € * NEU Original Vespa Ledertasche Schwarz braun 339,00 € * 379,00 € * Felgenrandaufkleber ab 5mm 18,90 € * 23,95 € * Vespa Zubehör, Ersatzteile und Accessoires - alles in einem Online Shop: Piaggio-Vespa.de Der Piaggio Vespa Online Shop bietet preiswerte Piaggio Ersatzteile und Original Zubehör für den Vespafahrer. Egal ob sicherer Rollerhelm, komfortable Vespa Shirts, hochwertige Sonnenbrillen oder stylishe Vespatasche. In unserem Online Shop können Sie innovative Produkte in den Kategorien Ersatzteile, Zubehör, Verschleißteile, Umbau & Styling, sowie Accessoires, Lifestyleartikel, Jacken & Sweatshirts, Navigation & Kommunikation und Vespa Geschenkideen online bestellen. Ihr Spezialist für Vespabekleidung, und Zubehör für die Modern-Vespa Modelle ET2, ET4, LX, S, 946, Sprint, Primavera, GTS, GTS Super GTV oder LXV. Schneller VersandSofort ab Lager DHL GoGreen Flexible ZahlungIhr könnt bei uns zwischen den folgenden Zahlungsarten auswählen: Händler des JahresDas Fachmagazin Bike und Business kührte uns 2008 und 2011 zum Rollerhändler des Jahres. Kontakt Bei Fragen hilft Ihnen unserKundenservice gerne weiter. Schreiben Sie uns eine Email an:service@piaggio-vespa-rwn.de Service Hilfe & Kontakt Kontakt Zahlung per Rechnung Wie sende ich einen Artikel zurück? Reklamation Versand Umtausch Newsletter Größentabelle Karriere Bezahlung Versand Retouren Helmgröße Messen Informationen Über uns AGB Batteriegesetz Datenschutz Informationen über Cookies Widerrufsbelehrung Impressum Newsletter Abonnieren Sie den kostenlosen Piaggio-Vespa.de Newsletter und verpassen Sie keine Neuigkeit oder Aktion mehr aus unserem OnlineShop. Newsletter abonnieren Facebook Social Media Icon Instagram Social Media Icon Youtube Social Media Icon * Alle Preise inkl. gesetzl. Mehrwertsteuer zzgl. Versandkosten und ggf. Nachnahmegebühren, wenn nicht anders beschrieben Hilfe & Kontakt Realisiert von: Jetzt zum Newsletter anmelden! Abonnieren Sie jetzt unseren kostenlosen Newsletter und verpassen Sie keine Aktionen und Neuigkeiten mehr. Bitte geben Sie eine gültige eMail-Adresse ein. Newsletter abonnieren "
130,pro-fishing.de,"Pro-Fishing Angel-Shop */ Anmelden Gutscheine Angebote Uber uns Telefonische Beratung Schnelle Lieferung Sicherer Einkauf Warenkorb 0 Artikel Artikel (Leer) Keine Artikel versandkostenfrei Versand Sperrgutzuschlag 0,00 € Gesamt Warenkorb anzeigen Produkt wurde in den Korb gelegt Menge Gesamt Sie haben 0 Artikel in Ihrem Warenkorb. Es gibt 1 Artikel in Ihrem Warenkorb. Artikel (inkl. MwSt.) Versandkosten (inkl. MwSt.) versandkostenfrei Sperrgutzuschlag Gesamt (inkl. MwSt.) Trusted Shops zertifiziert Datenübertragung SSL-verschlüsselt Einkauf fortsetzen Zur Kasse gehen KategorienAngeboteAngelrutenAngelrollenRaubfischForelleKarpfenFriedfischAllroundWallerSalzwasserBekleidungRäuchernGutscheine PrevNextNeu im Shop Vorschau 95,99 € inkl. MwSt. zzgl. Versandkosten Neu Lieferzeit: 1-3 Werktage Fox Voyager Carryall 95,99 € inkl. MwSt. zzgl. Versandkosten In den Warenkorb Mehr Auf Lager Vorschau 99,99 € inkl. MwSt. zzgl. Versandkosten Neu Lieferzeit: 1-3 Werktage Fox Voyager Ruckall 99,99 € inkl. MwSt. zzgl. Versandkosten In den Warenkorb Mehr Auf Lager Vorschau 9,99 € inkl. MwSt. zzgl. Versandkosten Neu Lieferzeit: 1-3 Werktage Illex Nitro Booster Spray 75 ml - Garlic 9,99 € inkl. MwSt. zzgl. Versandkosten In den Warenkorb Mehr Auf Lager Vorschau 16,99 € inkl. MwSt. zzgl. Versandkosten Neu Lieferzeit: 1-3 Werktage Fox Voyager Large Accessory 16,99 € inkl. MwSt. zzgl. Versandkosten In den Warenkorb Mehr Auf Lager Vorschau 79,99 € inkl. MwSt. zzgl. Versandkosten Neu Lieferzeit: 1-3 Werktage Fox Voyager Low Level Carryall 79,99 € inkl. MwSt. zzgl. Versandkosten In den Warenkorb Mehr Auf Lager Vorschau 189,99 € inkl. MwSt. zzgl. Versandkosten Neu Lieferzeit: 1-3 Werktage Tailwalk Del Sol S632ML SPII - 1.8-14 g -... Steckrute Spinrute Angelrute 189,99 € inkl. MwSt. zzgl. Versandkosten In den Warenkorb Mehr Auf Lager Vorschau 189,99 € inkl. MwSt. zzgl. Versandkosten Neu Lieferzeit: 1-3 Werktage Tailwalk Del Sol S672MH SPII - 5-30 g -... Angelrute Steckrute 189,99 € inkl. MwSt. zzgl. Versandkosten In den Warenkorb Mehr Auf Lager Vorschau 49,99 € inkl. MwSt. zzgl. Versandkosten Neu Lieferzeit: 1-3 Werktage Trakker NXG Square Bucket Bag Karpfentasche Angeltasche 49,99 € inkl. MwSt. zzgl. Versandkosten In den Warenkorb Mehr Auf Lager Vorschau 104,99 € inkl. MwSt. zzgl. Versandkosten Neu Lieferzeit: 1-3 Werktage Imax ARX 20 Ice Thermo Suit Gr. S Thermoanzug Angelanzug 104,99 € inkl. MwSt. zzgl. Versandkosten In den Warenkorb Mehr Auf Lager Vorschau 18,99 € inkl. MwSt. zzgl. Versandkosten Neu Lieferzeit: 1-3 Werktage Scierra Trout Net M Forellenkescher Watkescher Forellenkescher Unterfangkescher 18,99 € inkl. MwSt. zzgl. Versandkosten In den Warenkorb Mehr Auf Lager Vorschau 22,99 € inkl. MwSt. zzgl. Versandkosten Neu Lieferzeit: 1-3 Werktage Scierra Trout Net L Forellenkescher Watkescher Forellenkescher Unterfangkescher 22,99 € inkl. MwSt. zzgl. Versandkosten In den Warenkorb Mehr Auf Lager Vorschau 66,99 € inkl. MwSt. zzgl. Versandkosten Neu Lieferzeit: 1-3 Werktage Okuma Epixor LS - EPL 40 FD Spinnrolle Kunstköderrolle 66,99 € inkl. MwSt. zzgl. Versandkosten In den Warenkorb Mehr Auf Lager Herzlich willkommen im Angelshop von Pro-Fishing.de Bezahlte Bestellungen bis 14.30 Uhr versenden wir werktäglich noch am gleichen Tag, sodass Ihr bald Eure Ware in den Händen halten und loslegen könnt.Bei uns kannst Du günstig vom Experten Angelzubehör online kaufen. - Eigenes Warenlager - schneller Versand - günstige Preise durch Großeinkauf.Wir bieten Dir im Angelshop eine Vielzahl an ausgesuchtem Angelzubehör für das Spinnfischen, Raubfischangeln, Meeresangeln, Forellenangeln und Friedfischangeln zu günstigen Preisen. Wir führen nahezu alle bekannten Marken wie z.B. Abu Garcia, Anaconda, Avid Carp, Bass Assassin, Bait Breath, Balzer, Blue Fox, Browning, Berkley, Blitz Pilker, Cannelle, Chub, Climax, Daiwa, DAM, Dega, Delkim, Dick, Drennan, Eiger, Dieter Eisele, Fin-Nor, Fish Arrow, Fox, Fox Rage, FTM, Gamakatsu, Greys, Illex, Iron Trout, Imax, Jenzi, Jigging Master, Keitech, Korda, Korum, Lieblingsköder, Lunker City, Mainline, Matrix, Megabass, Mepps, Nash, Nories, Okuma, Owner, Peetz, Penn, Pezon Michel, Preston, Proline, Quantum, Rapala, Reins, Salmo, Savage Gear, Sensas, Shimano, Sonubaits, Speedy Pilker, Sportex, Spro, Stroft, TFT, Trakker, Tretorn, Tubertini, VMC, Westin, Zalt , Zeck Fishing und viele mehr.Solltest Du Fragen zu einem Produkt, einer Bestellung oder dem Versand haben, ruf uns gerne an: (05131) 7019799.LadenlokalNeben dem Onlineversand steht Dir auch unser großer Angelladen für Deinen Einkauf zur Verfügung. Auf einer riesigen Ausstellungsfläche findest Du alles was das Anglerherz begehrt von nahezu allen bekannten Angelmarken.ÖffnungszeitenOnline kannst Du bei Pro-Fishing.de an 24 Stunden am Tag an 7 Tagen in der Woche bestellen. Unser Team kümmert sich um den schnellstmöglichen Versand. Für Fragen an unser Team im Laden ruf uns einfach unter (05131) 4407016 an.In unserem Ladenlokal in der Osteriede 1 in Garbsen sind wir für Dich zu folgenden Zeiten da: 01.03. - 31.10. Montag bis Freitag von 09:00 Uhr bis 19:00 Uhr und Samstag von 09:00 Uhr bis 15:00 Uhr 01.11. - 28.02. Montag bis Freitag von 10:00 Uhr bis 18:00 Uhr und Samstag von 10:00 Uhr bis 15:00 Uhr.Exklusiv bei Pro-Fishing: iCapio-Lockmittel iCapio ist ein innovatives Lockmittel für die aktive Raubfischangelei. Entwickelt und produziert in Deutschland vereint es wissenschaftlich belegte Lockstoffe mit langanhaltender Wirkung und einfacher Handhabung. Lest auf unserer iCapio-Infoseite, was dieses tolle Produkt Euch bietet. Newsletter OK InformationÜber uns / LadenlokalBankdatenVerpackungs-VerordnungBatterie-EntsorgungMarken-ÜbersichtiCapio-LockmittelAngelreisenPro-Fishing GmbH Geschäftsführer: Marc Schulz Osteriede 1 30827 Garbsen Direkter Kontakt: (05131) 7019799 info@pro-fishing.deMehr über...AGBImpressumVersand-InformationenZahlungWiderrufsformularPrivatspähre / DatenschutzKontaktTrusted Shops VersandkostenAls besonderen Service bieten wir Dir innerhalb von Deutschland eine versandkostenfreie Lieferung ab einem Bestellwert von 150 Euro bei Vorkasse. Kein MindestbestellwertBei Pro-Fishing bestellst Du ohne Mindestbestellwert. Wir liefern Dir gern auch günstige Einzelprodukte oder Zubehör in kleinen Mengen - das ist unser Verständnis von gutem Service!Alle Preise inklusive der gesetzlichen Mehrwertsteuer, zuzüglich Versandkosten und ggf. Sperrgutzuschlag. Alle Marken, Logos und Bilder sind Eigentum der jeweiligen Hersteller. Die Pro-Fishing GmbH Angelshop / Angelzubehör übernimmt keine Haftung für die von uns verlinkten Seiten. Deren Inhalt ist Sache der jeweiligen Seitenbetreiber. Änderungen und Irrtümer vorbehalten. FacebookÖffnungszeiten "
131,progenix.de," Protein Bodyshop für Muskelaufbau in Ludwigshafen - Progenix Kundenlogin Kundenlogin Konto erstellen Passwort vergessen? Merkzettel 0 Suche Alle Alle Gutscheine Protein / Eiweiss Aminos / BCAA / Glutamin Creatin / Kre Alkalyn Mass Gain / Kohlenhydrate NO Booster / Pre Workout Testo / Spezial / Gelenke Diät / Carnitin / Fatburner Vitamine / Mineralien Riegel / Snacks / Drinks Kleidung / Zubehör Alle Gutscheine Protein / Eiweiss Aminos / BCAA / Glutamin Creatin / Kre Alkalyn Mass Gain / Kohlenhydrate NO Booster / Pre Workout Testo / Spezial / Gelenke Diät / Carnitin / Fatburner Vitamine / Mineralien Riegel / Snacks / Drinks Kleidung / Zubehör Suche... Erweiterte Suche Ihr Warenkorb 0,00 EUR Sie haben noch keine Artikel in Ihrem Warenkorb. Gutscheine Protein / Eiweiss Aminos / BCAA / Glutamin Creatin / Kre Alkalyn Mass Gain / Kohlenhydrate NO Booster / Pre Workout Testo / Spezial / Gelenke Diät / Carnitin / Fatburner Vitamine / Mineralien Riegel / Snacks / Drinks Kleidung / Zubehör Weitere Startseite Bei uns im Online Shop findest Du viele Produkte für Bodybuilding, Kraftsport und Fitness. Sportlernahrung und Nahrungsergänzungen vieler namhafter Hersteller wie Olimp, All Stars, Weider, ESN, Peak Performance, Zec+, ProSupps, Body Attack, Progenix, Nutristar, Allnutrition, Scitec Nutrition, Biotech USA, Fitwhey und viele mehr. Wir bieten alles für Kraft, Muskelaufbau, Diät oder einfach um das Wohlbefinden zu steigern. Die wichtigsten Nahrungsergänzungen für Bodybuilder sind Protein Pulver. Die wichtigsten sind Whey Protein, Casein Protein oder ein mehrkomponeneten Protein. Die Flav Drops von Progenix eignen sich am besten, um neutrales Protein Pulver zu verfeinern. Für die Massephase oder auch für die Hardgainer gibt es in unserem Shop Hafermehl, Carbo Kohlenhydrat Pulver, Protein-Kohlenhydrat Gemisch auch weight Gainer genannt. Die sorgen für die zusätzlichen Kalorien um Masse aufzubauen. Auch sind Creatine, wie Kreatin Monohydrat Pulver und Kre-Alkalyn für den Muskelaufbau und Masseaufbau sehr wichtig. Für den Muskelwachstum und die Regeneration sind Aminosäuren, wie BCAA, Glutamin, L-Arginin, L-Citrullin und AAKG sehr wichtig. Vitamine und Mineralien gehören mit zu einer ausgewogenen Ernährung, jedoch benötigt ein Sportler einen erhöhten Bedarf und kann diesen mit unseren Olimp multiplen Sport Vitaminen abdecken. Pre-Workout und Pump Booster stehen bei uns hoch im Kurs und deshalb haben wir einiges auf Lager. Fokus Booster oder eben auch Pump Booster für ein gutes Muskelgefühl. Handschuh mit Bandagen, Trainingspads, Gürtel und vieles mehr runden unser Sortiment ab. Unsere Empfehlungen TOP ESN Guarana Dose 90 Kapseln Lieferzeit: 1-3 Werktage 12,90 EUR 21,50 EUR pro 100g NEU TOP SRS MUSCLE Supreme Whey Dose 1900 g Lieferzeit: 1-3 Werktage 49,90 EUR 26,26 EUR pro kg TOP SRS MUSCLE Alpha Therm Dose 60 Kapseln Lieferzeit: 1-3 Werktage 49,90 EUR 95,96 EUR pro 100g TOP ESN Creatine Giga Caps Dose 300 Kapseln Lieferzeit: 1-3 Werktage 19,90 EUR 56,86 EUR pro kg NEU TOP SCITEC NUTRITION 100% Whey Protein Professional... Lieferzeit: 1-3 Werktage 46,99 EUR 20,00 EUR pro kg TOP SRS MUSCLE Pregator Dose 448 g Lieferzeit: 1-3 Werktage 39,90 EUR 81,43 EUR pro kg NEU TOP SCITEC NUTRITION 100% Whey Protein Professional... Lieferzeit: 1-3 Werktage 24,99 EUR 27,16 EUR pro kg TOP ESN BCAA Giga Caps Dose 300 Kapseln Lieferzeit: 1-3 Werktage 26,90 EUR 74,72 EUR pro kg TOP GENETIC NUTRITION Chrome Dose 120 Tabletten... Lieferzeit: 1-3 Werktage 12,90 EUR 13,30 EUR pro 100g TOP FITWHEY Whey Concentrate Beutel 900 g Lieferzeit: 1-3 Werktage 14,99 EUR 16,66 EUR pro kg Neue Artikel NEU TOP SCITEC NUTRITION 100% Whey Protein Professional... Lieferzeit: 1-3 Werktage 46,99 EUR 20,00 EUR pro kg NEU TOP SRS MUSCLE Supreme Whey Dose 1900 g Lieferzeit: 1-3 Werktage 49,90 EUR 26,26 EUR pro kg NEU TOP SCITEC NUTRITION 100% Whey Protein Professional... Lieferzeit: 1-3 Werktage 24,99 EUR 27,16 EUR pro kg NEU TOP OSTROVIT MSM Plus Dose 300 g Lieferzeit: 1-3 Werktage 14,90 EUR 49,67 EUR pro kg Gutscheine Protein / Eiweiss Aminos / BCAA / Glutamin Creatin / Kre Alkalyn Mass Gain / Kohlenhydrate NO Booster / Pre Workout Testo / Spezial / Gelenke Diät / Carnitin / Fatburner Vitamine / Mineralien Riegel / Snacks / Drinks Kleidung / Zubehör Bestseller ENERGY CAKE Riegel 125 g 1,19 EUR 0,95 EUR pro 100g PROGENIX Mineral Light Flasche 1000 ml 13,99 EUR 13,99 EUR pro Liter GOT7 Core Bar Riegel 60 g 1,99 EUR 3,32 EUR pro 100g BODY ATTACK Carb Control Riegel 100 g 2,89 EUR 2,89 EUR pro 100g PROGENIX Whey Liquid Protein Karton 12 x 60 ml Shots 26,90 EUR 37,36 EUR pro Liter Newsletter-Anmeldung Anmelden Hersteller Bitte wählen6PAK NUTRITIONAESTHETIX DEVEL..ALL STARSALLNUTRITIONBEST BODY NUTRI..BIOTECH USABLACKLINETWOBLENDER BOTTLEBODY ATTACKCELLUCORCHIBACOBRA LABSCP SPORTSEFXENERGY CAKEESNFA FITNESS AUTH..FITWHEYGENETIC NUTRITI..GOT7ISS RESEARCHLSPNOCCO No Carbs ..NUTRABLASTNUTRISTAROLIMPOSTROVITPEAK INTERNATIO..PEAK PERFORMANC..PERFORMANCEPUREPROGENIXSCITEC NUTRITIO..SFD NUTRITIONSRS MUSCLESUPERIOR14VITALAB NATURALWEIDERZEC + Schnellkauf Bitte geben Sie die Artikelnummer aus unserem Katalog ein. Go Neue Artikel SCITEC NUTRITION 100% Whey Protein Professional Dose 2350 g 46,99 EUR 20,00 EUR pro kg Kundenlogin E-Mail-Adresse Passwort Anmelden Mehr über... Impressum Kontakt Sitemap Wiederverkäufer Versand- & Zahlungsbedingungen Widerrufsrecht & Widerrufsformular AGB Privatsphäre Callback Service WIR VERSENDEN MIT Alle Preise sind ... zzgl. Versandkosten SICHER BEZAHLEN MIT ; FOLGEN SIE UNS AUF /Progenix.de @progenix Webshop by Gambio.de © 2017 {{#title}} {{title}} {{/title}} {{{items.src}}} {{#showButtons}} {{#buttons}} {{name}} {{/buttons}} {{/showButtons}} {{#content}} {{.}} {{/content}} {{#content}} {{{.}}} {{/content}} "
132,ptgtravel.de," Reisen buchen und sparen - PTG Travel FAQKontaktÜber PTGKarriere PauschalreisenPauschalreisenRundreisen & StudienreisenLast-Minute-AngeboteEigenanreiseLast-MinuteLast-Minute-AngeboteFlügeFlügeGabelflügeHotelsHotelsucheEigenanreiseFerienhäuserFerienhäuserMietwagenMietwagenKreuzfahrtenKreuzfahrtenRundreisenRundreisen & Studienreisen PauschalreisenFlügeHotelsEigenanreiseFeWoMietwagen Dominikanische Republik > ANGEBOTE ANSEHEN Faszination Kreuzfahrt > ANGEBOTE FINDEN Traumreisen > ANGEBOTE FINDEN Flüge 1 Erwachsener 2 Erwachsene 3 Erwachsene 4 Erwachsene 0 Kinder 1 Kind 2 Kinder 3 Kinder Alter bei Rückreise Kind 1 --- < 2 Jah. 2 Jahre 3 Jahre 4 Jahre 5 Jahre 6 Jahre 7 Jahre 8 Jahre 9 Jahre 10 Jahre 11 Jahre 12 Jahre 13 Jahre 14 Jahre 15 Jahre 16 Jahre Kind 2 --- < 2 Jah. 2 Jahre 3 Jahre 4 Jahre 5 Jahre 6 Jahre 7 Jahre 8 Jahre 9 Jahre 10 Jahre 11 Jahre 12 Jahre 13 Jahre 14 Jahre 15 Jahre 16 Jahre Kind 3 --- < 2 Jah. 2 Jahre 3 Jahre 4 Jahre 5 Jahre 6 Jahre 7 Jahre 8 Jahre 9 Jahre 10 Jahre 11 Jahre 12 Jahre 13 Jahre 14 Jahre 15 Jahre 16 Jahre > Übernehmen Flug finden Weitere Optionen Hotels 1 Erwachsener 2 Erwachsene 3 Erwachsene 4 Erwachsene 0 Kinder 1 Kind 2 Kinder 3 Kinder Alter bei Rückreise Kind 1 --- < 2 Jah. 2 Jahre 3 Jahre 4 Jahre 5 Jahre 6 Jahre 7 Jahre 8 Jahre 9 Jahre 10 Jahre 11 Jahre 12 Jahre 13 Jahre 14 Jahre 15 Jahre 16 Jahre Kind 2 --- < 2 Jah. 2 Jahre 3 Jahre 4 Jahre 5 Jahre 6 Jahre 7 Jahre 8 Jahre 9 Jahre 10 Jahre 11 Jahre 12 Jahre 13 Jahre 14 Jahre 15 Jahre 16 Jahre Kind 3 --- < 2 Jah. 2 Jahre 3 Jahre 4 Jahre 5 Jahre 6 Jahre 7 Jahre 8 Jahre 9 Jahre 10 Jahre 11 Jahre 12 Jahre 13 Jahre 14 Jahre 15 Jahre 16 Jahre > Übernehmen Hotel finden Mietwagen Alter des Fahrers 18 19 20 21 22 23 24 25 26 27 28 29 30 31 32 33 34 35 36 37 38 39 40 41 42 43 44 45 46 47 48 49 50 51 52 53 54 55 56 57 58 59 60 61 62 63 64 65 66 67 68 69 70 71 72 73 74 75 76 77 78 79 80 81 82 83 84 85 86 87 88 89 90 91 92 93 94 95 96 97 98 99 00:00 00:30 01:00 01:30 02:00 02:30 03:00 03:30 04:00 04:30 05:00 05:30 06:00 06:30 07:00 07:30 08:00 08:30 09:00 09:30 10:00 10:30 11:00 11:30 12:00 12:30 13:00 13:30 14:00 14:30 15:00 15:30 16:00 16:30 17:00 17:30 18:00 18:30 19:00 19:30 20:00 20:30 21:00 21:30 22:00 22:30 23:00 23:30 00:00 00:30 01:00 01:30 02:00 02:30 03:00 03:30 04:00 04:30 05:00 05:30 06:00 06:30 07:00 07:30 08:00 08:30 09:00 09:30 10:00 10:30 11:00 11:30 12:00 12:30 13:00 13:30 14:00 14:30 15:00 15:30 16:00 16:30 17:00 17:30 18:00 18:30 19:00 19:30 20:00 20:30 21:00 21:30 22:00 22:30 23:00 23:30 Mietwagen finden Hotels Hotels Traumhotel gesucht? Mit der umfassenden Suche unseres Partners Booking.com finden Sie schnell und einfach Ihre passende Unterkunft! Mehr erfahren Pauschalreisen Pauschalreisen Wählen Sie aus einem großen Angebot an Pauschalreisen zu weltweiten Zielen. Angebote finden Mietwagen Mietwagen Buchen Sie alle Mietwagenklassen zu attraktiven und tagesaktuellen Tarifen. Zu den Angeboten Aktuelle Informationen Aktuelle Informationen Bleiben Sie immer informiert über aktuelle Reisehinweise. Weitere Informationen ReiseangebotePauschalreiseLast-Minute AngeboteEigenanreise Weitere ReiseangeboteFlügeHotelsFerienhäuserMietwagenKreuzfahrten KundenserviceKontaktFAQReiseschutzReisechecklisteOnline Check-InReisegutschein Über PTGÜber unsKarriere Rechtliche HinweiseDatenschutzAGBVeranstalter-AGBImpressumBildverzeichnis PTG Professional Travel GmbH, Kühnehöfe 20, 22761 Hamburg, Deutschland "
133,realbest.de," Immobilien verkaufen leicht gemacht | realbest Ich stimme zuCookies helfen uns bei der Bereitstellung unserer Dienste. Durch die Nutzung unserer Webseite stimmen Sie dem Einsatz von Cookies zu. Details ansehenCookie Consent plugin for the EU cookie law Toggle navigation 24h erreichbar: +49(0)30 58 58 179-0 Login Immobilienverkauf Wie verkaufen? Immobilienbewertung Ertragswertverfahren Sachwertverfahren Vergleichswertverfahren Immobiliengutachten Verkaufsunterlagen Energieausweis Grundbuchauszug Baubeschreibung Rechtsfragen Kaufvertrag Haus Hausverkauf Notar Finanzfragen Vorfälligkeitsentschädigung Umschuldung Finanzierungsbestätigung Hausverkauf Steuern Lastenfreistellung Immobilie inserieren Immobilien-Exposé Home Staging Wohnungsbesichtigung Übergabe Wohnung & Haus Mit oder ohne Makler? Immobilienmakler Makler finden Maklervergleich Maklerbewertung Maklervertrag Maklervertrag kündigen Maklerprovision Maklerprovision Gesetz Warum verkaufen? Scheidung & Haus Haus verkaufen bei Scheidung Scheidung: Wer zieht aus? Zugewinnausgleich Immobilien erben Hausverkauf Erbengemeinschaft Erbschaftssteuer Schenkung Immobilie Vermietete Wohnung verkaufen Verkaufen oder vermieten? Wohnung zu klein Wohnung zu groß Immobilie suchen Professionals Vermittler Immobilienmakler realblog Über uns Unternehmen Presse Kontakt Jobs realbest Germany GmbH, Bergmannstraße 5, 10961 Berlin,www.realbest.de Immobilie verkaufen Einfach zum Bestpreis verkaufen Kostenlose & unverbindliche Immobilienbewertung Haus Wohnung Jetzt bewerten Verkehrswert zum Download Regionale Makler vergleichen Verkauf zum Bestpreis Bekannt aus Schnell und zum besten Preis Ihre Immobilie verkaufen Immobilienverkauf im größten Empfehlungsnetzwerk Deutschlands 2,5 Mio. qualifizierte Kaufinteressenten 30.000 Empfehlungsgeber 100% Transparenz und Kontrolle Jetzt Video ansehen Makler finden - Tipps Immobilienverkauf mit realbest - Erfolg in Zahlen Verkäufe im Netzwerk 3.811 Bestpreis erreicht in 95% Ø Verkaufsdauer 48 Tage Immobilienvermarktung online - 24/7 erreichbar Andere schlafen, während wir Ihre Immobilie verkaufen Kontakt aufnehmen Immobilienvermarktung online - 24/7 erreichbar Andere schlafen, während wir Ihre Immobilie verkaufen Kontakt aufnehmen Weltweite Vermarktung Ihrer Immobilie Reichweite zu internationalen Käufern mit einem Klick Immobilie inserieren - So funktioniert‘s Immobilienvermarktung online - 24/7 erreichbar Andere schlafen, während wir Ihre Immobilie verkaufen Kontakt aufnehmen Weltweite Vermarktung Ihrer Immobilie Reichweite zu internationalen Käufern mit einem Klick Immobilie inserieren - So funktioniert‘s Weltweite Vermarktung Ihrer Immobilie Reichweite zu internationalen Käufern mit einem Klick Immobilie inserieren - So funktioniert‘s 12 „Innerhalb von 24h haben Makler ihre Verkaufsangebote abgegeben. Meine Immobilie konnte innerhalb von 3 Monaten verkauft werden.“Thorsten K. - Einfamilienhaus, Tübingen Ihr Immobilienverkäufer-Cockpit Ihr Immobilienverkauf – Ihre Kontrolle Echtzeitkontrolle der Verkaufsaktivitäten 100% Transparenz und Kontrolle Persönliche Betreuung durch Ihren Makler Immobilienverkauf starten Immobilienverkauf - Tipps Vermarktungsservice Virtuelle Tour und professionelle Fotos Werten den Gesamteindruck auf und reduzieren unnötige Besichtigungen Immobilie inserieren - Tipps Exposé in bis zu 7 Sprachen mit Verkaufsunterlagen Inklusive Energieausweis, Grundbuchauszug, Flurkarte usw. Unterlagen für den Verkauf - Tipps Persönliche Kunden- und Objektbetreuung Sie werden von Ihrem persönlichen Makler und Ansprechpartner betreut Immobilienmakler - Tipps Immobilie bewerten und Makler vergleichen In 5 Minuten kostenlos und direkt Bewertung und Maklervergleich erhalten Jetzt Video ansehen Echte Maklerbewertung Immobilienverkauf starten ""Neben meinem persönlichen Makler haben dutzende andere Makler und Empfehlungsgeber dabei geholfen, mein Haus zu verkaufen. Mit einem so schnellen Verkaufserfolg hatte ich nicht gerechnet.“Gesine P. - Doppelhaushälfte, 220 m², Nürnberg Schnellerer Immobilienverkauf durch Empfehlungen Persönliche Empfehlungen bringen schnellere, sichere Abschlüsse Schnellerer Immobilienverkauf durch Empfehlungen Persönliche Empfehlungen bringen schnellere, sichere Abschlüsse Der beste Preis für Ihre Immobilie Maximale Nachfrage für Ihre Immobilie durch unser Empfehlungsnetzwerk Tausende Empfehlungsgeber Maximale Nachfrage für Ihre Immobilie Schnellerer Immobilienverkauf Immobilienmakler - Tipps mehr zum Netzwerk Schnellerer Immobilienverkauf durch Empfehlungen Persönliche Empfehlungen bringen schnellere, sichere Abschlüsse Der beste Preis für Ihre Immobilie Maximale Nachfrage für Ihre Immobilie durch unser Empfehlungsnetzwerk Tausende Empfehlungsgeber Maximale Nachfrage für Ihre Immobilie Schnellerer Immobilienverkauf Immobilienmakler - Tipps mehr zum Netzwerk Der beste Preis für Ihre Immobilie Maximale Nachfrage für Ihre Immobilie durch unser Empfehlungsnetzwerk Tausende Empfehlungsgeber Maximale Nachfrage für Ihre Immobilie Schnellerer Immobilienverkauf Immobilienmakler - Tipps mehr zum Netzwerk 12 Immobilien verkaufen mit dem Immobiliennetzwerk realbest.de realbest ist der erste Online-Marktplatz für Immobilien, der wesentliche Schritte des Kauf- und Verkaufsprozesses digitalisiert. Private Immobilienverkäufer, Kaufinteressenten, Finanzdienstleister und Vermittler sowie Immobilienmakler werden online an einen virtuellen Tisch zusammengebracht. realbest ist mehr als ein klassisches Immobilienportal oder eine Immobilienbörse – hier beschleunigen tausende Immobilienmakler und Empfehlungsgeber den Verkaufsprozess. Auch unser Service geht über den von Immobilienbörsen und Immobilienportalen hinaus, da realbest 24 Stunden an 7 Tagen in der Woche für alle Kunden telefonisch erreichbar ist und diese gerne beim Immobilienkauf oder Immobilienverkauf professionell berät.Private Immobilienverkäufer erhalten mit realbest den besten Verkaufspreis und eine unabhängige Auswahl geprüfter Immobilienmakler, um ihre Immobilie mit dem besten Makler zum besten Preis zu verkaufen. realbest bietet privaten Verkäufern eine umfassende und kostenlose Wertermittlung durch eine unabhängige Gutachterdatenbank sowie professionelle Einschätzungen verifizierter Makler. Privatverkäufer erhalten außerdem ein Reporting über den Immobilienverkauf in Echtzeit. realbest ist Deutschlands größtes Empfehlungsnetzwerk und damit der schnellste Weg Ihre Immobilie zum Bestpreis zu verkaufen und die Vermarktungsdauer zu minimieren. Zusätzlich bieten wir auf unserer Website umfassende Informationen zum Immobilienverkauf und zur Immobilienbewertung.Kaufinteressenten erhalten mit realbest attraktive und exklusive Immobilienangebote über einen individuellen Online-Zugang. Ob Sie sich für den Hauskauf interessieren oder eine Wohnung kaufen möchten, dank hochwertiger Online-Exposés und vollständiger Verkaufsunterlagen wird der Immobilienkauf einfach, transparent und sicher. Kaufinteressenten können ausgewählte Wohnimmobilien bereits vor Vertriebsstart im Vorschaumodus ansehen und haben sogar die Möglichkeit einen virtuellen Rundgang durch die Wohnung vorzunehmen. Auf unserem Immobilienportal finden Kaufinteressenten Ihre Wunsch-Immobilie, die sie online reservieren und zur Besichtigung buchen können.Finanzdienstleister und Vermittler können mit realbest deutschlandweit einfach und ohne Aufwand private Immobilienverkäufer in ihrem Umfeld und Kundenbestand aktivieren und vom Verkauf, allen Anschlussgeschäften und allen Neukunden profitieren. Mit realbest behalten Finanzdienstleister und Vermittler jederzeit den Überblick und erweitern ihr Leistungsangebot für ihre Kunden.Immobilienmakler erhalten mit realbest Zugang zu privaten Verkäufern und können zusätzliche Verkaufsaufträge generieren. Mit nur einem Klick verdienen Sie zusätzliche Provisionen und vervielfachen Ihren Akquiseerfolg. So wird die Akquise von Immobilien für Makler unkompliziert. Immobilienmakler, die ihren Kunden Immobilien anbieten möchten, sichern sich mit realbest ihren Online-Zugang zu einem zusätzlichen Portfolio mit attraktiven Immobilien. Durch Empfehlung passender Immobilienangebote sichern sich Makler einfach Kundenschutz und zusätzliche Provision – egal wann und wo ihre Kunden bei realbest eine Immobilie kaufen. Jetzt kostenlose Immobilienbewertung erhalten und direkt weltweit mit der Vermarktung startenImmobilie bewerten lassen × × Impressum Datenschutzbestimmungen AGB Nutzungsbedingungen Über uns Empfehlungsprogramm DeutschEnglishfrançaisespañolitalianoрусский中文Deutsch Mobile Startseite ➝ Copyright © 2017 realbest Germany GmbH / All rights reserved DeutschEnglishfrançaisespañolitalianoрусский中文 Powered by Userlike Haben Sie eine Frage? "
134,reischlhof.de," Exklusives 4**** SUPERIOR Wellnesshotel REISCHLHOF, Bayerischer Wald. Luxus Wellnessurlaub nahe Passau Bayern. Wellnesshotel REISCHLHOF im Bayerischen Wald. Luxus Wellnessurlaub nahe Passau Buchen Jobs Anfrage Gutscheine Stammgäste Shop Suche Hotel Meist besucht Familie Reischl Zimmer & Suiten Wissenswertes | About us Lage & Anreise Bildergalerien Wellness Wellnesswelt Übersicht Wellnessbereich Wellnessimpressionen Anwendungen Dayspa - Tageswellness Anwendungen online buchen Kulinarik Genuss Küche Restaurants & Bar Kulinarikimpressionen Aktiv Aktiv im Reischlhof Bei uns in Sperlbrunn Im Bayerischen Wald Im Winter Galerie: Aktiv im Urlaub Jahreszeiten Aktuelles Heute im Reischlhof Wetterbericht Schneebericht Webcams Preise Zimmerpreise Pauschalen Gesundheitswochen Bestpreisgarantie Inklusivleistungen Service Kontakt Prospekte Gutscheine Ferien & Feiertage Stornoversicherung Jobs Shop +49(0)8592/9390-100 Traumwelten im ReischlhofErlebnis auf über 5000 qm Wellness & SpaNeue Wasserwelt im Reischlhof20-Meter-Sport-Außenbecken, Indoor-Pool mit Ruhezonen, Relax Hot-Pool mit Massagezonen und Sprudelliegen und 850 qm Natur-BadeseeWinterwelten im ReischlhofAuf 835 Höhenmeter gelegen umgibt den Reischlhof eine zauberhafte WinterlandschaftWohlfühlambienteGemütlich und exklusiv: Die neuen Zimmerkategorien versprechen Wohlfühlatmosphäre auf höchstem NiveauGenuss & KulinarikHarmonie von Wellness und Wohlfühlen. Der Genussfaktor im Reischlhof.  Geschenktipp zu Weihnachten - Gutscheine sofort online ausdruckenVerschenken Sie echte Freude mit Ihrem Reischlhof-Gutschein - in Form eines Wertgutscheins, für Wellnessanwendungen oder einen Wellnessaufenthalt Gesundheitswoche 2018 - 7 Nächte jetzt buchenSichern Sie sich 150 Euro Zuschuss von Ihrer Krankenkasse 5000 m²Wellness & Spa 150Hotelbetten 8Saunen 19verschiedene Themenruheräume 165Liegen und Rückzugsplätze 835mSeehöhe 30 mbit/sKostenloses Highspeed DSL Herzlich Willkommen im Bayerischen WaldNur 30 Minuten entfernt von Passau, nur 45 Minuten entfernt von der Metropole Linz (Österreich) und Krummau (Unesco-Weltkulturerbe) in Tschechien liegt der Reischlhof in absoluter Alleinlage mitten im Bayerischen Wald. Das 4,5 Sterne Hotel mit über 5000qm Wellness und einer jungen kreativen Küche ist mehrmals ausgezeichnet. 100% Holidaycheck-Weiterempfehlung, 3 Lilien und 18 Punkte Relaxguide, sowie mehrere Auszeichnungen garantieren Ihnen einen perfekten Urlaub. 10 Gründefür Ihren perfekten Urlaub bei uns im Reischlhof Ausgezeichnete Küche mit besten Produkten Komfortable und exklusive Zimmerkategorien Panoramasauna und Event-Feuersauna (neu!) mit täglichen Eventaufgüssen durch unsere Saunameister Christine und Thomas 5000 qm Wellness & Spa 19 Themenruheräumen (mehr Liegen als Hotelgäste) 200 Wellness-Behandlungen mit top geschulten Mitarbeitern Tägliches kostenloses Entspannungs- und Aktivprogramm 8 verschiedene Themensaunen mit unterschiedlichen Temperaturzonen Sky-Solepool mit 37°C im 4. Stock, neue Badelandschaft mit 20-Meter-Sport-Außenbecken, Indoor-Pool mit Ruhezonen, Relax-Hot-Pool mit Edelsteinwasser mit Massagezonen und Sprudelliegen sowie 850qm Natur-Badesee Persönliche und heimelige Atmosphäre 100% Weiterempfehlung Wellnesshotel Reischlhof Impressum Disclaimer Datenschutz AGB & Stornoinformation AGB - Gutscheinshop Widerrufsbelehrung Sitemap   Google+ Facebook Twitter Reischlhof Wellness & Genuss Sperlbrunn 7 94110 Wegscheid Bayerischer Wald Deutschland +49(0)8592/9390-100 +49 (0) 8592/9390-700 info@reischlhof.de www.reischlhof.de Buchungsanfrage Pflichtfeld Anreise* Pflichtfeld Abreise* Anrede - Frau Herr Familie Pflichtfeld Vorname* Pflichtfeld Nachname* Straße / Hausnummer PLZ/ZIP Stadt / Ort Telefon Pflichtfeld E-Mail* Select Language​▼ Wichtige Kontakte Reservierung +49 (0) 8592/9390-100 SPA-Rezeption +49 (0) 8592/9390-660 Marketing +49 (0) 8592/9390-776 Personalabteilung +49 (0) 8592/9390-776 Rezeption +49 (0) 8592/9390-100 Buchhaltung +49 (0) 8592/9390-677 Wellnesshotel Bayerischer WaldSperlbrunn, Bayerischer WaldDas Hotel Reischlhof sammelt Auszeichnungen von verschiedenen Institutionen. Das Wellnesshotel Bayerischer Wald steigt auch im Jahr 2017 wieder in der Gunst der Urlaubsgäste im Bayerischen Wald. Die umfangreichen Neubau- und Sanierungsmaßnahmen der vergangenen Jahre haben den Reischlhof zu einem der bestens bewerteten 4-Sterne-Hotels in Bayern gemacht. Auch in diesem Herbst steht wieder eine spannende Zeit bevor. Der Reischlhof bleibt auch künftig ein neues Wellnesshotel. Ein neuer Suitentrakt mit Tiefgarage entsteht.Weiterlesen Wellnesshotel BayernDer Reischlhof ist ein 4-Sterne Wellnesshotel in Bayern. Mitten in der Urlaubsregion Bayerischer Wald gelegen finden Sie neben dem umfangreichen Angebot an Wellness und Kulinarik zahlreiche interessante Möglichkeiten zur Urlaubsgestaltung. Das Hotel liegt in der Urlaubsdestination Passauer Land - nord-östlich der Dreiflüssestadt Passau im Bayerischen Wald. Besuchen Sie das Wellnesshotel Bayern im Wegscheider Land und sichern Sie sich jetzt schon den Urlaub 2018. Buchen Sie jetzt noch Ihren Wellnessurlaub im Bayerischen Wald.Weiterlesen WellnessWellness ist spätenstens seit Mitte der 90er Jahre des vergangenen Jahrhunderts ein fest etablierter Bestandteil der meisten Urlaube in Bayern. Auch die Hotels im Bayerischen Wald haben hier das Angebot in den vergangenen Jahren enorm ausgebaut. Das Hotel Reischlhof zahlt im Bereich Wellness zu einem der Vorreiter eines nachhaltigen touristischen Konzeptes. Die konsequente Forcierung auf das Thema Wellness Bayerischer Wald hat dem Wellnesshotel Reischlhof in den vergangenen Jahren einen kleinen Wettbewerbsvorteil erarbeiten lassen. Aus einem kleinen Landhotel nahe Passau wurde ein Hotel mit Schwerpunkt Wellness.Weiterlesen Wir verwenden Cookies. OK Weiterlesen … x«»x«»x«»x«»Original textContribute a better translation"
135,reisesuchmaschine.com," Reisepreisvergleich - Reisesuchmaschine für Lastminute Reisen, Pauschalreisen, Kreuzfahrten und vieles mehr. Reisepreisvergleich von mehr als 200 Reiseveranstalter Abflughafen: beliebig NordSüdWestOstAmsterdam (NL)Basel-Mulhouse (CH)Berlin BrandenburgBerlin-SchönefeldBerlin-TegelBern-Belp (CH)BremenBrüssel (B)Brüssel Charleroi (B)DortmundDresdenDüsseldorfEindhoven (NL)Enschede (NL)Erfurt-WeimarFrankfurtFrankfurt-HahnFriedrichshafenGenf (CH)Graz (A)Groningen (NL)HamburgHannoverInnsbruck (A)KarlsruheKassel-CaldenKlagenfurt (A)Köln-BonnLeipzig/HalleLinz (A)LübeckLüttich (B)LuxemburgMaastricht - Aachen (NL)Magdeburg CochstedtMemmingenMünchenMünster-OsnabrückNiederrhein (Weeze)NürnbergPaderbornRostockSaarbrückenSalzburg (A)SchwerinStrasbourg (F)StuttgartWarschau (PL)Wien (A)Zürich (CH) Reiseziel: AbruzzenAbu DhabiAegina & Angistri & SalaminaAegyptenAfrikaAjmanAl AinAlbanienAlentejo - Beja / Setubal / Evora / Santarem / PortalegreAllgäuAlonissosAmorgos & AstypalaiaAndalusien InlandAndrosAntalya & BelekAntigua & BarbudaAntiparosAostatal & Piemont & LombardeiApulienAquitanienArizonaArubaAsienAthen & UmgebungAustralienAveiro / Guarda / ViseuAyvalik, Cesme & IzmirAzorenBaden-WürttembergBahamas: Harbour IslandBahamasBahrainBalearenBarbadosBarcelona & UmgebungBasel & SolothurnBasilikataBayerisch-SchwabenBayerische AlpenBayerischer WaldBelgienBerchtesgadener LandBerlinBodensee (Deutschland)BodrumBonaire, Sint Eustatius & SabaBorkumBosnien-HerzegowinaBraga / Vila Real / Viano do Castelo / BragancaBrandenburgBrasilien: Alagoas (Maceio)Brasilien: Amazonas (Manaus)Brasilien: Bahia (Salvador da Bahia)Brasilien: Ceara (Fortaleza)Brasilien: Distrito Federal (Brasilia)Brasilien: Paraiba (Joao Pessoa)Brasilien: Pernambuco (Recife)Brasilien: Rio Grande de Norte (Natal)Brasilien: Rio de Janeiro & UmgebungBrasilien: Sao PauloBrasilien: Sergipe (Aracaju)BremenBretagneBulgarien (Landesinnere)Bulgarien: Albena & UmgebungBulgarien: Goldstrand / VarnaBulgarien: Sonnenstrand / Burgas / NessebarBurgenlandBurgund & CentreCapriCeutaChalkidikiChina - Hainan / Guangdong / Hunan / JiangxiChina - Peking (Beijing)China - ShanghaiChina - Xinjiang / Tibet / Qinghai / GansuChios & PsaraCoimbra / Leiria / Castelo BrancoColoradoCosta AzaharCosta Azul (Setubal / Beja)Costa BarcelonaCosta Blanca & Costa CalidaCosta BravaCosta DoradaCosta RicaCosta Verde (Braga / Viana do Castelo)Costa da Caparica (Setúbal)Costa de Prata (Leira / Coimbra / Aveiro)Costa de la LuzCosta del Sol & Costa TropicalCosta do Estoril (Lissabon)CuracaoCôte d'AzurDalyan - Dalaman - Fethiye - Oelüdeniz - KasDeutschlandDisneyland ParisDom. Republik - Norden (Puerto Plata & Samana)Dom. Republik - Osten (Punta Cana)Dom. Republik - Süden (Santo Domingo)Dom. RepublikDominicaDubai, Arabische HalbinselDubaiDänemarkDüsseldorf & UmgebungEifel & WesterwaldEl HierroElbaElbsandsteingebirgeElsass & LothringenEmilia RomagnaEpirus & WestgriechenlandErzgebirgeEstlandEuböa (Evia)Faro & AlgarveFichtelgebirgeFinnlandFlorida Orlando & InlandFlorida OstküsteFlorida SüdspitzeFlorida WestküsteFluß- & Kreuzfahrten RusslandFly & Drive AlgarveFly & Drive Costa BlancaFly & Drive Costa de la LuzFly & Drive Costa del SolFly & Drive FloridaFly & Drive FuerteventuraFly & Drive Gran CanariaFly & Drive LanzaroteFly & Drive MadeiraFly & Drive MallorcaFly & Drive MenorcaFly & Drive SpanienFly & Drive TeneriffaFly & Drive USAFly & DriveFolegandrosFormenteraFranche-Comté & Champagne-ArdenneFrankenFrankreichFriaul - Julisch VenetienFuerteventuraFujairahGambiaGardaseeGenfGibraltarGlückshotel AegyptenGlückshotel BulgarienGlückshotel Dubai & Arabische HalbinselGlückshotel FuerteventuraGlückshotel Gran CanariaGlückshotel KorfuGlückshotel KubaGlückshotel La PalmaGlückshotel MadeiraGlückshotel MaltaGlückshotel MarokkoGlückshotel RhodosGlückshotel SizilienGlückshotelsGolf von AlmeriaGran CanariaGraubündenGrenadaGriechenland FestlandGriechische InselnGuadeloupeHamburgHarzHawaii - Insel Big IslandHawaii - Insel KauaiHawaii - Insel MauiHawaii - Insel OahuHessenHessisches BerglandHochschwarzwaldHongkong & Kowloon & Hongkong IslandHunsrück / TaunusHurghada & SafagaHydra, SpetsesIbizaIkariaIllinois & WisconsinIndien: GoaIndien: Karnataka / Kerala / A. Pradesh / T. Nadu / LakkadivenIndien: Maharashtra - Mumbai / GujaratIndien: Neu Delhi / Rajasthan / Uttar Pradesh / Madhya PradeshIndien: Punjab / Uttarakhand / Himachal Pradesh & Hoher NordenIndischer OzeanIndonesien: BaliIndonesien: Insel Bintan & BatamIndonesien: JavaIndonesien: Kleine SundainselnInsel RügenInsel UsedomIos & SikinosIrlandIschiaIslandIsrael - EilatIsrael - Jerusalem & UmgebungIsrael - Tel Aviv & UmgebungIsrael - Totes MeerIsraelIstanbul & UmgebungItalien, MaltaJamaikaJapan: Tokio, Osaka, Hiroshima, Japan. InselnJersey - KanalinselJordanienKairo & Gizeh & Memphis & IsmailiaKalabrienKalifornienKalymnos & TelendosKambodschaKanada: AlbertaKanada: British ColumbiaKanada: Nova ScotiaKanada: OntarioKanada: QuebecKanadaKanarenKap Verde - BoavistaKap Verde - Fogo & BravaKap Verde - SalKap Verde - SantiagoKaribikKarpathos & KasosKatarKefalonia & IthakiKemer & BeldibiKenia - Nairobi & InlandKenia - NordküsteKenia - SüdküsteKolumbienKorfu & PaxiKorsikaKosKretaKreuzfahrten & Hotel TürkeiKreuzfahrten Arabische HalbinselKreuzfahrten AsienKreuzfahrten EuropaKreuzfahrten FernostKreuzfahrten Indischer OzeanKreuzfahrten Kanaren & AtlantikKreuzfahrten KroatienKreuzfahrten Region DonauKreuzfahrten Region KaribikKreuzfahrten Region MittelmeerKreuzfahrten TürkeiKreuzfahrten USA - KanadaKreuzfahrtenKroatien, Bulgarien, OsteuropaKroatien: Insel BracKroatien: Insel HvarKroatien: Insel KrkKroatien: IstrienKroatien: Kvarner BuchtKroatien: MitteldalmatienKroatien: MittelkroatienKroatien: NorddalmatienKroatien: SüddalmatienKroatische InselnKuba - Cayo CocoKuba - Havanna / Varadero / Mayabeque / Artemisa / P. del RioKuba - Holguin / S. de Cuba / Granma / Las Tunas / GuantanamoKuba - Isla de la Juventud / Cayo Largo del SurKuba - Santa Clara / Cienfuegos / S. Spiritus / CamagüeyKubaKusadasi & DidymaKärntenKöln & UmgebungLa GomeraLa PalmaLanguedoc RoussillonLanzaroteLaosLappland SchwedenLatiumLausitzLefkas & MeganissiLerosLesbos & Lemnos & SamothrakiLettlandLibanonLigurienLissabon & UmgebungLitauenLondon & SüdenglandLouisiana & MississippiLuxemburgLuxor & AssuanLüneburger HeideMacaoMadeiraMadrid & UmgebungMakedonienMalaysiaMaledivenMallorca, Ibiza, MenorcaMallorcaMaltaMarkenMarmaris & Icmeler & DatcaMarokko - Atlantikküste: Agadir / Safi / TiznitMarokko - Atlantikküste: Casablanca / El Jadida / RabatMarokko - InlandMarokko - MarrakeschMarokko - Tanger & MittelmeerküsteMarsa Alam & QuseirMartiniqueMauritiusMecklenburg OstseeküsteMecklenburg-VorpommernMecklenburgische SeenplatteMelillaMenorcaMersin - Adana - AntakyaMexiko StadtMexiko: PazifikküsteMexiko: Yucatan / CancunMexikoMidi PyreneesMittel- & NordenglandMittelamerikaMitteleuropaMittelmeerküsteMonacoMontanaMontenegroMyanmarMykonosMünchenMünsterlandNaher OstenNamibiaNaxosNeapel & UmgebungNevadaNew EnglandNew Jersey & DelawareNew South WalesNew YorkNiederbayernNiederlandeNiedersachsenNiederösterreichNilkreuzfahrtenNordeuropaNordfriesland & InselnNordirlandNordrhein-WestfalenNordseeküste und Inseln - sonstige AngeboteNordspanien - AtlantikküsteNordzypernNormandie & Picardie & Nord-Pas-de-CalaisNorwegenOberbayernOberitalienische SeenOberösterreichOlympische RivieraOmanOregonOst-Thrakien & MarmarameerOstseeküstePanamaParis & UmgebungParos, Kimolos, Milos, Serifos, SifnosPatmosPays de la LoirePeloponnesPennsylvaniaPhilippinen: Cebu / Boracay / Panay / NegrosPhilippinen: Insel Luzon (Manila)PhilippinenPilionPolenPorosPorto SantoPortoPortugalProvence-Alpes-Côte d'AzurProvinz Murcia InlandProvinz Valencia InlandPuerto RicoRas Al-KhaimahRepublik Zypern - SüdenRheingauRhodosRhone AlpesRhönRom & UmgebungRuhrgebietRumänien - Bukarest & UmgebungRumänienRundreise AegyptenRundreise AndalusienRundreise Arabische HalbinselRundreise ArmenienRundreise AzorenRundreise BalearenRundreise BaltikumRundreise BrasilienRundreise BulgarienRundreise ChinaRundreise Costa RicaRundreise Dominikanische RepublikRundreise FrankreichRundreise GeorgienRundreise GriechenlandRundreise GroßbritannienRundreise IndienRundreise IndonesienRundreise IrlandRundreise IslandRundreise IsraelRundreise ItalienRundreise JamaikaRundreise JapanRundreise JordanienRundreise KalabrienRundreise KambodschaRundreise KanadaRundreise KanarenRundreise Kap VerdeRundreise KeniaRundreise KretaRundreise KroatienRundreise KubaRundreise Kykladen und InselhüpfenRundreise LaosRundreise MadeiraRundreise MalaysiaRundreise MaledivenRundreise MaltaRundreise MarokkoRundreise MexikoRundreise MontenegroRundreise MyanmarRundreise NamibiaRundreise OesterreichRundreise OmanRundreise PanamaRundreise PeruRundreise PolenRundreise PortugalRundreise RhodosRundreise RumänienRundreise SamosRundreise SardinienRundreise SeychellenRundreise SimbabweRundreise SizilienRundreise SpanienRundreise Sri LankaRundreise SüdafrikaRundreise SüdkoreaRundreise TansaniaRundreise ThailandRundreise TunesienRundreise TürkeiRundreise USA & AlaskaRundreise UsbekistanRundreise VietnamRundreise ZakynthosRundreise ZypernRundreisenRussland - Moskau & UmgebungRussland - Sankt Petersburg & Nordwesten (Murmansk)RéunionSachsen-AnhaltSachsenSaint-Martin (frz.)Salzburg - Salzburger LandSalzburg - SalzburgSalzkammergut - Oberösterreich / Steiermark / SalzburgSamosSantorinSardinienSauerlandSchleswig-HolsteinSchottlandSchwarzmeerküste TürkeiSchwarzwaldSchwedenSchwäbische AlbSenegalSeychellenSharjah / KhorfakkanSharm el Sheikh / Nuweiba / TabaSide & AlanyaSimbabweSingapurSint Maarten (nl.)SizilienSkiathos, Skopelos & SkyrosSlowakeiSlowenien InlandSouth AustraliaSpanien Nordosten & PyrenäenSpanisches FestlandSpessart - OdenwaldSri LankaSt.Gallen & ThurgauSt.LuciaSteiermarkSymiSyros & Kea & KithnosSüd-Insel (Neuseeland)Südafrika: Eastern Cape (Port Elizabeth)Südafrika: Gauteng (Johannesburg)Südafrika: KwaZulu-Natal (Durban)Südafrika: Northwest (Mahikeng)Südafrika: Western Cape (Kapstadt)SüdamerikaSüdkoreaTaipeh & UmgebungTansania - SansibarTeneriffaTeutoburger WaldTexasThailand: Bangkok & UmgebungThailand: Insel Ko SamuiThailand: Insel PhuketThailand: Inseln Andaman See (Koh Pee Pee, Koh Lanta)Thailand: Inseln im Golf (Koh Chang, Koh Phangan)Thailand: Khao Lak & UmgebungThailand: Krabi & UmgebungThailand: Norden (Chiang Mai, Chiang Rai, Sukhothai)Thailand: Süden (Surat Thani, Trang)Thailand: Südosten (Pattaya, Jomtien)Thailand: Westen (Hua Hin, Cha Am, River Kwai)ThailandThassosThessalien & MittelgriechenlandThessalonikiThüringenThüringer WaldTilos & ChalkiTinosTirol - Innsbruck, Mittel- und NordtirolTirol - OsttirolTirol - Region SeefeldTirol - StubaitalTirol - Westtirol & OetztalTirol - ZillertalTobagoToskanaTrentino & SüdtirolTschechienTunesien - HammametTunesien - Inland & Gabès & SfaxTunesien - Insel DjerbaTunesien - MonastirTunesien - NordenTunesien - Oase ZarzisTunesien, MarokkoTurks & CaicosinselnTürkei InlandTürkeiUSAUmbrienUmm Al QuwainUngarn: Plattensee / BalatonUngarnVenetienVietnamWalesWashingtonWestern AustraliaWien & UmgebungZakynthosZentral SpanienZypernZürichslowenische Adriaweitere Angebote Aegyptenweitere Angebote Griechische Inselnweitere Kreuzfahrten Reisende: 1 Erwachsener2 Erwachsene3 Erwachsene4 Erwachsene 1. Kind: --- < 2 Jah.2 Jahre3 Jahre4 Jahre5 Jahre6 Jahre7 Jahre8 Jahre9 Jahre10 Jahre11 Jahre12 Jahre13 Jahre14 Jahre15 Jahre16 Jahre 2. Kind: --- < 2 Jah.2 Jahre3 Jahre4 Jahre5 Jahre6 Jahre7 Jahre8 Jahre9 Jahre10 Jahre11 Jahre12 Jahre13 Jahre14 Jahre15 Jahre16 Jahre 3. Kind: --- < 2 Jah.2 Jahre3 Jahre4 Jahre5 Jahre6 Jahre7 Jahre8 Jahre9 Jahre10 Jahre11 Jahre12 Jahre13 Jahre14 Jahre15 Jahre16 Jahre (Alter bei Reiseantritt) Frühester Hinflug: 12345678910111213141516171819202122232425262728293031 Dez. 17Jan. 18Feb. 18März 18April 18Mai 18Juni 18Juli 18Aug. 18Sep. 18Okt. 18Nov. 18Dez. 18Jan. 19Feb. 19März 19April 19Mai 19 Spätester Rückflug: 12345678910111213141516171819202122232425262728293031 Dez. 17Jan. 18Feb. 18März 18April 18Mai 18Juni 18Juli 18Aug. 18Sep. 18Okt. 18Nov. 18Dez. 18Jan. 19Feb. 19März 19April 19Mai 19 Reisedauer: beliebig1 - 4 Tage5 - 8 Tage1 Woche9 - 12 Tage13 - 15 Tage2 Wochen16 - 22 Tage3 Wochen> 22 Tage Hotelkategorie egal Erweiterte Suche Reise Suchmaschine. Sparen Sie am Preis - und nicht am Urlaub Über uns Newsletter Рressе REISEHOTLINE 0800 550 4444 Start Lastminute Reisen Pauschalreisen Flüge Kreuzfahrten Rundreisen Hotels & Städtereisen Wellness Urlaub Specials Вuchen beim Testsieger Teneriffa Top Angebote 1 Woche DZ/HP ab 418,-€ p.P Türkei Top Angebote 1 Woche DZ/AI ab 283,-€ p.P Mallorca Top Angebote 1 Woche DZ/HP ab 261,-€ p.P KRETA King Minos Palace, 1Wo DZ/HP 360 FUERTEVENTURA Sunrise Costa Calma Palace, 1Wo DZ/HP 488 DOMINIKANISCHE REPUBLIK Iberostar Costa Dorada, 2Wo DZ/AI 1507 TÜRKEI Defne Dream, 1Wo DZ/HP 502 MALLORCA Iberostar Alcudia Park, 1Wo DZ/HP 474 GRAN CANARIA Parque Tropical, 1Wo DZ/HP 469 Lastminute Mallorca Lastminute Griechenland Lastminute Kanaren Lastminute Gran Canaria Lastminute Türkei Lastminute Spanien Lastminute Kuba Lastminute Fuerteventura Lastminute Ägypten Lastminute Bulgarien Lastminute Lanzarote Lastminute Teneriffa URLAUB PAUSCHALREISE LASTMINUTE KREUZFAHRT FRÜHBUCHER STÄDTEREISEN SKIREISEN So macht die Urlaubssuche im Internet richtig Spaß. Als unabhängiges Reiseportal für Ihren Reisepreisvergleich bieten wir Ihnen alle Informationen rund um das Thema Reisen & Urlaub. Von den klassischen Lastminute Reisen über Pauschalreisen bis hin zu Rundreisen und Kreuzfahrten bieten wir Ihnen einen umfassenden Reisepreisvergleich. Unsere Buchungsmaschinen durchforsten täglich Millionen Reisen für einen guten Reisepreisvergleich und ermitteln in unserem Reisepreisvergleich das günstigste Urlaubsangebot für Sie. Frühbucherrabatte sowie Kinderermäßigungen oder sonstige Rabatte der Reiseveranstalter werden übersichtlich dargestellt. Neben unserem Angebot an Urlaubsreisen, bieten wir Ihnen einen umfassenden Reiseführer mit allen wichtigen Informationen über die verschiedenen Länder dieser Erde an. Unser aktuelles Reisemagazin sowie Hotelkritiken von Urlaubern bieten Ihnen ein Mehrwert für Ihre Reiseplanung, um den perfekten Reisepreisvergleich für Sie zu haben. Mehr als 50 Reiseexperten kümmern sich persönlich um Ihren Wunschurlaub. Ob Sie direkt online buchen oder per Telefon. Bei uns ist der Kunde noch König. Reisesuchmaschine.com, wir machen das! Reisepreisvergleich ganz einfach. Aktuelle Pauschalreisen von über 50 Reiseveranstalter. Mit unserem Preisvergleich für Pauschalreisen ermitteln Sie die günstigen Angebote aus den aktuellen Reisekatalogen der Veranstalter. Sehen Sie sich Ihr Hotel vorab in einer Hotelpräsentation genauer an und entdecken Sie jede Menge nützlicher Informationen über Ihr Reiseziel bzw. Ihren Reiseort. Erleben Sie interaktiv welches Hotel Ihrem Geschmack entspricht.Pauschalreisen aus dem Reisekatalog zu günstigen Preisen! Lastminute Reisen - Unsere Suchmaschine durchforstet täglich Millionen neuer Lastminute Angebote von mehr als 50 Reiseveranstalter. Wir vergleichen dabei, ob die Lastminute Reisen günstiger als Pauschalreisen aus dem Reisekatalog sind und ermitteln für Sie den günstigsten Preis je nach Veranstalter. Oftmals lassen sich bei einer Lastminute Reise bis zu 50% des urprünglichen Reisepreises sparen. Warten Sie dennoch nicht zu lange auf ein Schnäppchen, denn die Lastminute Angebote sind nur begrenzt verfügbar und können sich jederzeit ändern.Reisesuchmaschine.com, wir machen das ! Schiffsreisen, hier finden Sie Ihren Traumurlaub auf See! Ob Hochsee Kreuzfahrten, Fluss Kreuzfahrten, Segel Kreuzfahrten, Luxus Kreuzfahrten, Expeditions-Kreuzfahrten Teilweise bis zu 70% reduzierte Schiffsreisen. Sofortige und sichere Online Buchung möglich. Wir beraten Sie gerne persönlich bei Ihrer Schiffsreise um die Welt.Reisesuchmaschine.com, wir machen das ! Wenn Sie jetzt Ihren Urlaub für das Frühjahr oder den Sommer 2013 buchen, sparen Sie bei uns bares Geld. Hier findet jeder seine Reise mit Frühbucherrabatt aller gängigen Reiseverstalter. Mit unserer individuellen Suche finden Sie alle Reiseangebote, inklusive attraktiver Frühbucherrabatte.Sichern Sie sich Ihren exklusiven Frühbucherrabatt! Suchen Sie hier online mit Direktverbindung zu Ihrem Reisebüro eines von über 10.000 günstigen, ausgesuchten Ferienhotels aus. Oder kombinieren Sie Ihr Hotel völlig flexibel mit namhaften Linien-, Charter- und Low Cost Airlines. Und das in wenigen Augenblicken zu sagenhaften Preisen.Reisesuchmaschine.com, wir machen das! Klasse Angebote für einen schneereichen Skiurlaub finden Sie in unserer neuen Suchmaschine speziell für Skireisen in Österreich, Frankreich, Schweiz und auch in Deutschland. Geniessen Sie Ihren Winterurlaub in den Alpen oder anderen beliebteb Skigebieten.Reisesuchmaschine.com, wir machen das! Reisepreisvergleich Skiurlaub / Skireisen Buchen Sie Ihr Wintervergnügen. Ob Ski, Langlauf, Snowboard oder Rodeln. An unseren beliebten Wintersportorten ist dies alles möglich. >> JETZT BUCHEN Besuchen Sie Reisesuchmaschine auf youtube blogger facebook twitter REISEPILOT24.DE Der Reisesuchmaschine Blog REISESUCHMASCHINE LASTMINUTE REISEN KONTAKT PRESSE SITEMAP AGB IMPRESSUM "
136,remtra.de," Startseite Ihr Warenkorb ist leer. Ihr Recht AGB, Widerrufsrecht Datenschutz Impressum Service Facebook Mein Konto Versand remtra Über uns Standorte Kontakt Stühle Rollcontainer Sideboards Schränke Schreibtische Diverses Sonderangebote Made by Machart Studios Besuchen Sie uns NEU « » VS Schreibtisch 4 fuß 180 cm perlweiß € 220,00VS Sideboard 3OH Serie 700 Typ 3.1 € 300,00K+N Regal 4OH Bergahorn € 75,00VS Standcontainer mit Schubladen und Hängeregister € 150,00Comforto s_con Besucherstuhl weißes Leder € 300,00Ceka Caddy anthrazit buchedunkel € 120,00Interstuhl Flirt Bar Chair Stehhilfe / Barhocker, schwarzes Rindnappaleder, Chromgestell € 200,00K+N Metallsideboard 3OH anthrazit, grau € 190,00K+N Metallschrank 5OH anthrazit, grau € 240,00Kabelkette 130 cm Länge € 15,00Kabelkette 90 cm Länge € 10,00Spind Stahl blau 5er Einteilung € 80,00Ceka Lift-Table rund ahorn 100 cm € 260,00VS Besprechungstisch rund elektrifiziert buche € 250,00Klöber Freischwinger Besucherstuhl stapelbar schwarz € 100,00 Beliebt Haworth Rollcontainer weiß Metall 60 cm € 140,00Slimline Flügeltürenschrank 5OHx100cm weiß € 550,00Slimline Flügeltürenschrank 5OHx80cm weiß € 495,00Slimline Schreibtisch 160x80cm elektrisch höhenverstellbar € 749,00Slimline Schreibtisch 180x90cm elektrisch höhenverstellbar € 799,00Slimline Sideboard 3OHx80cm weiß € 380,00Slimline Sideboard 3OHx90cm weiß € 400,00Trilux Stehleuchte dimmbar € 320,00Haworth Schreibtisch 200 x 80 cm weiß elektrisch € 799,00Dauphin FairPlay Lounge Einsitzer € 900,00USM Haller Hängeregister Sideboard 2OH x 2 Reihen mittelgrau € 1080,00 Marken « » 5% für Facebook Fans* * Gilt nur für Online-Einkäufe und ist nicht mit anderen Aktionen kombinierbar. Bezahlen Sie bequem online per USM Haller Sideboards, Rollcontainer, Schreibtische Trigger x "
137,reptilienkosmos.de, https://www.reptilienkosmos.de Es wurde noch kein Layout für dieses System hinterlegt. 
138,rezepte-und-tipps.de," Rezepte - Mittagessen & Abendessen einfach zubereitet OKDiese Website verwendet Cookies. Mit der Nutzung unserer Seite stimmen Sie dem Einsatz von Cookies zu. Mehr InfosCookie Consent plugin for the EU cookie law Rezepte-und-Tipps.de Startseite Datenschutz AGB Suche Impressum Startseite Rezepte Dessertrezepte Salatrezepte Kinderrezepte Deutsche Rezepte Getränke Rezepte Hartz 4 Rezepte Vegetarische Rezepte Ausländische Rezepte Kochrezepte Fleischgerichte Suppenrezepte Auflauf Rezepte Nudelrezepte Reisrezepte Saucenrezepte Fischrezepte Eintöpfe Backrezepte Kuchenrezepte Obstkuchenrezepte Tortenrezepte Obsttorten Gebäck Brotrezepte Magazin Kochtipps Küchengeräte Haushaltswaren Ernährungstipps Esskultur Lebensmittel Obst Gemüse Gewürze Lebensmittelkunde Lebensmittellagerung Saisonales Grillrezepte Festtagsessen Weihnachtsrezepte Partyrezepte Haushaltstipps Haushaltsgeräte Forum Blog Impressum Rezepte und Tipps Hier finden Sie leckere und einfache Rezepte für Ihr Mittagessen oder das Abendbrot! - © racamani Einfache Rezepte schnell zubereitet! In unserem Rezepte Portal finden Sie eine Vielzahl von recht einfachen Kochrezepten und Backrezepten sowie Tipps und Tricks rund um die Themen Kochen, Backen, gutes Essen, Lebensmittel und Liefestyle. Rezepte fürs Mittagessen und Abendessen : Kochrezepte Dessertrezepte Schnelle Rezepte Backrezepte Salatrezepte Vegetarische Rezepte Deutsche Rezepte Grillrezepte Weitere Rezepte Kinder helfen gerne beim Kochen und BackenFoto: © JenkoAtaman Einfache und schnelle Rezepte Unser Rezepte richtet sich vor allem an ""Kochanfänger"" und Hobbyköche, die gerne natürliche Zutaten verwenden. Wir haben hier Gerichte aus fast allen Bereichen - von der Vorsuppe bis zum Dessert - zusammengetragen, die sich recht einfach nachkochen oder -backen lassen. Natürlich können Sie bei Ihr Lieblingsrezept auch gleich ausdrucken! Wir wissen, dass oft die Zeit zum Kochen oder Backen fehlt und die Familie trotzdem etwas Leckeres und Gesundes auf dem Tisch haben möchte. Viele unserer Gerichte können auch von ungeübten Hobbyköchen zubereitet werden. Hilfreiche Tipps zum Beispiel zur Verarbeitung und Lagerung von Lebensmitteln sowie allgemeine Haushaltstipps und Wissenswertes zum Thema gesunde Ernährung runden unser Angebot ab. Tipps zum Kochen & Backen ... Neben hunderten von Rezepten finden Sie bei uns auch viele Tipps und Tricks zum Thema Lebensmittel, Nahrungszubereitung und gutes Essen sowie einige Haushaltstipps. Haushaltstipps Esskultur Ernährungstipps Küchengeräte Lebensmittelkunde Koch Forum Kochen & Backen für manche lästige Hausarbeit, für andere ein kreatives Hobby Leider gibt es immer mehr Menschen, die nur selten selbst kochen oder backen. Immer mehr Familien und vor allem Singles greifen auf Fastfoodangebote oder Fertigessen zurück. Oft weil die Zeit zum selber kochen fehlt, aber auch aus Bequmlichkeit und Unkenntnis wird in deutschen Küchen das Essen nicht selber zubereitet. Viele junge Leute haben das Kochen und Backen einfach nicht von ihren Eltern gelernt. Das ist sehr schade! Machen Sie doch auch mal wieder leckere Nudeln oder ein paar schnelle Salate zum Abendbrot. Besonders vegetarische Gerichte sind im Sommer sehr oft bei uns gesucht worden! Aber auch Blitzrezepte wie das Rezept für Schütteltorte mit Mandarinen sind aktuell sehr beliebt! In unserem Portal finden Sie viele leckere Rezepte für Ihr Mittagessen oder das Adendessen. Aber auch Frühstücksideen und Backrezepte halten wir für Sie bereit! Gerade junge Leute sind oft erstaunt und begeistert, wenn man ihnen zeigt wie leicht es ist mit guten Zutaten in wenigen Minuten eine leckere und gesunde Mahlzeit zuzubereiten. Also schauen Sie sich bei uns mal in Ruhe um - viele unserer Rezepte sind super einfach - Machen Sie sich und Ihrer Familie eine Freude und bereiten Sie mal wieder eine leckere Mahlzeit! Sie müssen kein Chefkoch und auch kein Zauberer sein um lecker zu kochen. Benutzen Sie auch unsere Rezeptsuche. Dort finden Sie viele weitere Sommerrezepte. Für die Zukunft planen wir einige "" Rezeptvideos "" online zu stellen. Guten Appetit und viel Spaß mit unseren Rezepten wünscht das Team von Rezepte-und-Tipps.de ( Alle Angaben ohne Gewähr! / Stand: 22.11.2017 ) [ Zum Seitenanfang und den Rezepten ] Sie sind hier: Startseite Weitersagen teilentweetteilen Aktuelle Rezeptvorschläge: Rezept für Apfelkuchen vom Blech Pilz Rezepte Mehr Herbstrezepte Aktuelles im Rezepte Blog: Obst und Gemüse im November Winterspinat: Richtig lagern und einfrieren Die Mispel: Eine fast vergessene Frucht Aktuelles im Forum für Hobbyköche: 5 Minuten Terrine verfeinern Forelle richtig braten ? Macarons backen Rezepte der Woche: Was kocht man im Herbst 2017? Unsere Rezeptideen: Vorspeise: Rezept für Kürbissuppe Hauptgericht: Rezepte für Rinderfilet Desserts: Grießflammeri mit Früchten Zum Kaffee: Rezept für Birnenkuchen mit Nüssen Weitere Gerichte : Obstkuchen Geflügelrezepte Brotrezepte Kinderrezepte Wissenswertes: So bereitet man Rotkraut zu Wie kocht man Blumenkohl? Fischgeruch aus der Wohnung bekommen Kräuter auf der Fensterbank Internes AGB Datenschutz [ Zum Seitenanfang ] © 2007 - 2017 Rezepte-und-Tipps.de "
139,ruefa.at," Ruefa - Urlaubs- & Reiseportal Unser Reiseportal verwendet Cookies um Sie bei der Nutzung zu unterstützen. Hier mehr erfahren. Durch die Nutzung unseres Reiseportals akzeptieren Sie das Setzen von Cookies. OK Kontakt: 0810 200 400 (zum Ortstarif) Mo-Fr: 8:00-20:00 Sa,So & Feiertag 9:00-17:00 Uhr Achtung! Mehr Reisebüros Wien 1. Bezirk, Innere Stadt 2. Bezirk, Leopoldstadt 3. Bezirk, Landstraße 8. Bezirk, Josefstadt 10. Bezirk, Favoriten 11. Bezirk, Simmering 12. Bezirk, Meidling 13. Bezirk, Hietzing 15. Bezirk, Rudolfsheim-Fünfhaus 14. Bezirk, Penzing 16. Bezirk, Ottakring 17. Bezirk, Hernals 18. Bezirk, Währing 19. Bezirk, Döbling 21. Bezirk, Floridsdorf 22. Bezirk, Donaustadt 23. Bezirk, Liesing Niederösterreich Amstetten Baden Berndorf Gloggnitz Gänserndorf Horn Korneuburg Krems Leobersdorf Ma. Enzersdorf Mistelbach Mödling Neunkirchen Perchtoldsdorf Purkersdorf Schwechat St. Pölten Stockerau Tulln Vösendorf Wieselburg Wr. Neustadt Oberösterreich Bad Ischl Braunau am Inn Eferding Freistadt Gmunden Linz Pasching Ried im Innkreis Steyr Vöcklabruck Wels Steiermark Bad Aussee Bad Radkersburg Bruck a.d. Mur Deutschlandsberg Feldbach Fürstenfeld Gleisdorf Graz Hartberg Knittelfeld Mürzzuschlag Weiz Salzburg Bischofshofen Hallein Salzburg Stadt St. Johann im Pongau Tamsweg Zell am See Burgenland Eisenstadt Mattersburg Neusiedl Vorarlberg Bregenz Dornbirn Tirol Innsbruck Kitzbühel Kufstein Oberndorf Wörgl Kärnten Bad Kleinkirchheim Feldkirchen Klagenfurt Spittal a.d. Drau St. Veit a.d. Glan Villach Online buchen Frühbucher Angebote Pauschalreisen Fernreisen Rundreisen Kultur- und Studienreisen Sommerurlaub 2018 Städtereisen Bahnreisen alle Pauschalreisen Hotels Italien Kroatien Deutschland Spanien Griechenland Österreich alle Hotels Kreuzfahrten Östliches Mittelmeer Westliches Mittelmeer Karibik Nordsee Ostsee Pazifik Indischer Ozean alle Kreuzfahrten Last Minute Ägypten Indischer Ozean Indonesien Kanaren Karibik Vereinigte Arabische Emirate alle Last Minute Angebote Themen Familienurlaub Strandurlaub Sportreisen Frühbucher Gruppenreisen Singles mit Kind alle Themen Aus unserer Werbung Krone TV Kurier TV Inserate Alle Reiseangebote Angebote finden: Services 1 2 3 4 5 6 7 Aus unserer Werbung Für Schnelleinsteiger Flug + Hotel Hotel Last Minute Flug Städte Ferienhäuser Schiff Flug + Hotel Nur Hotel x oder x Reiseziel wählen Fernstrecke Costa Rica Dom. Rep. Indonesien Jamaika Kapverden Kenia kl. Karibikinseln Antigua Aruba/Bonaire/Curacao Barbados Grenada Guadeloupe Martinique St. Lucia Trinidad & Tobago Kuba Malaysia Malediven Mauritius Mexiko Seychellen Sri Lanka Thailand Bangkok und Umgebung Hua Hin Khao Lak Ko Samui Krabi Pattaya Phuket Vietnam Zanzibar Mittelstrecke Bulgarien Frankreich Griechenland Karpathos Kefalonia Korfu Kos Kreta Lefkada Mykonos Rhodos Samos Santorin Thassos Zakynthos Italien Apulien Golf von Neapel Kalabrien Sardinien Sizilien Kroatien Malta Portugal Algarve Madeira Spanien Costa de la Luz Costa del Sol Fuerteventura Gran Canaria Ibiza Lanzarote Mallorca Menorca Teneriffa Türkei Bodrum Türkische Ägäis Türkische Riviera Zypern Städte Amsterdam Barcelona Berlin Brüssel Dublin Hamburg Kopenhagen Lissabon London Madrid Mailand New York Nizza Oslo Paris Rom Stockholm Venedig Orient Ägypten Marsa Alam Rotes Meer Sinai Dubai & Emirate Jordanien Marokko Oman Tunesien ok Frühester Hinflug Spätester Rückflug Dauer beliebig exakt wie angegeben Eine Woche Zwei Wochen Drei Wochen 3 - 4 Nächte 5 - 8 Nächte 9 - 12 Nächte 13 - 15 Nächte 16 - 22 Nächte 1 Nacht 2 Nächte 3 Nächte 4 Nächte 5 Nächte 6 Nächte 7 Nächte 8 Nächte 9 Nächte 10 Nächte 11 Nächte 12 Nächte 13 Nächte 14 Nächte 15 Nächte 16 Nächte 17 Nächte 18 Nächte 19 Nächte 20 Nächte 21 Nächte 22 Nächte Abflughafen Bitte wählen x Österreich GrazGRZ InnsbruckINN KlagenfurtKLU LinzLNZ SalzburgSZG WienVIE Deutschland FriedrichshafenFDH Memmingen AllgäuFMM MünchenMUC NürnbergNUE StuttgartSTR Berlin SchönefeldSXF Schweiz BaselBSL ZürichZRH Slowenien LubljanaLJU Slowakei BratislavaBTS ok Reisende 2 Erwachsene, 0 Kinder 1 Erwachsener, 0 Kinder weitere Optionen Zimmer 1 2 3 Zimmer 1 Erwachsene 2 1 3 4 Alter der Kinder beim Check-Out <1 01 02 03 04 05 06 07 08 09 10 11 12 13 14 15 16 17 18 19 20 21 <1 01 02 03 04 05 06 07 08 09 10 11 12 13 14 15 16 17 18 19 20 21 <1 01 02 03 04 05 06 07 08 09 10 11 12 13 14 15 16 17 18 19 20 21 <1 01 02 03 04 05 06 07 08 09 10 11 12 13 14 15 16 17 18 19 20 21 Zimmer 2 Erwachsene 2 1 3 4 Alter der Kinder beim Check-Out <1 01 02 03 04 05 06 07 08 09 10 11 12 13 14 15 16 17 18 19 20 21 <1 01 02 03 04 05 06 07 08 09 10 11 12 13 14 15 16 17 18 19 20 21 <1 01 02 03 04 05 06 07 08 09 10 11 12 13 14 15 16 17 18 19 20 21 <1 01 02 03 04 05 06 07 08 09 10 11 12 13 14 15 16 17 18 19 20 21 Zimmer 3 Erwachsene 2 1 3 4 Alter der Kinder beim Check-Out <1 01 02 03 04 05 06 07 08 09 10 11 12 13 14 15 16 17 18 19 20 21 <1 01 02 03 04 05 06 07 08 09 10 11 12 13 14 15 16 17 18 19 20 21 <1 01 02 03 04 05 06 07 08 09 10 11 12 13 14 15 16 17 18 19 20 21 <1 01 02 03 04 05 06 07 08 09 10 11 12 13 14 15 16 17 18 19 20 21 Zimmer Bitte wählen x Appartement Bungalow Doppelzimmer Familienzimmer Studio Suite ok Verpflegung Bitte wählen x Ohne Verpflegung Frühstück Halbpension Vollpension All Inclusive ok Sterne (Minimum) Alle ★ ★ ★ ★ ★ ★ ★ ★ ★ ★ ★ ★ ★ ★ ★ Veranstalter Alle 1-2-Fly 5vorFlug Alltours Attika Reisen BigXtra Touristik Detur Austria ETI FIT Reisen FTI Touristik Gruber Reisen Gulet ITS Billa Jahn Reisen Neckermann Olimar Reisen Rhomberg Reisen Schauinsland-Reisen TUI Terra Reisen Thomas Cook Öger Tours Direktflug Themen beliebig Golf Wellness Urlaub in den Bergen Gourmet Ski Badeurlaub Nord- & Ostsee Badeurlaub am Mittelmeer Badeurlaub in der Ferne Familienurlaub Urlaub in Deutschland Urlaub in Österreich Städtereisen Freizeitparks Disneyland Paris (FR) Legoland Billund (DK) Legoland Deutschland Movie Park Germany Phantasialand Heidepark Soltau Hansa Park Europa Park Reiseziel beliebig Erwachsene 1 Erwachsener 2 Erwachsene 3 Erwachsene 4 Erwachsene Früheste Anreise Späteste Rückreise Kinder --- ‹ 2 J. 2 J. 3 J. 4 J. 5 J. 6 J. 7 J. 8 J. 9 J. 10 J. 11 J. 12 J. 13 J. 14 J. 15 J. 16 J. --- ‹ 2 J. 2 J. 3 J. 4 J. 5 J. 6 J. 7 J. 8 J. 9 J. 10 J. 11 J. 12 J. 13 J. 14 J. 15 J. 16 J. --- ‹ 2 J. 2 J. 3 J. 4 J. 5 J. 6 J. 7 J. 8 J. 9 J. 10 J. 11 J. 12 J. 13 J. 14 J. 15 J. 16 J. Reisedauer beliebig 1 Tag 2 Tage 3 Tage 4 Tage 5 Tage 6 Tage 7 Tage 8 Tage 9 Tage 10 Tage 11 Tage 12 Tage 13 Tage 14 Tage 15 Tage 16 Tage 17 Tage 18 Tage 19 Tage 20 Tage 21 Tage > 22 Tage Flüge weltweit Abflughafen beliebig Österreich ---Graz ---Innsbruck ---Klagenfurt ---Linz ---Salzburg ---Wien Deutschland ---Augsburg (D) ---Friedrichshafen (D) ---München (D) ---Nürnberg (D) ---Stuttgart (D) Schweiz ---Basel-Mulhouse (CH) ---Bern-Belp (CH) ---Zürich (CH) Abflugsort Frühester Hinflug Erwachsene 1 Erwachsener 2 Erwachsene 3 Erwachsene 4 Erwachsene 5 Erwachsene 6 Erwachsene Erwachsene 1 Erwachsener 2 Erwachsene 3 Erwachsene 4 Erwachsene Flugpreisbörse Reiseziel beliebig Nahstrecke Mittelstrecke Fernstrecke Mittelmeer (Gesamt) Spanien-Portugal Griechenland-Türkei-Zypern Kanarische Inseln Mallorca-Menorca-Ibiza Karibik-Mexiko-Dom.Rep. Ägypten-Israel-VAE Asien-Thailand-Malediven Afrika-Mauritius-Seychellen Tunesien-Marokko Kroatien-Bulgarien Besondere Tauchregionen Zielort Spätester Rückflug Zielgebiet Alle Zielgebiete Afrikanische Flüsse Alaska Amazonas Amerikanische Flüsse Antarktis, Südliches Polarmeer Arabisches Meer Arktis, Nördliches Polarmeer Australien Azoren Benelux Bermuda Britische Inseln Dnjepr/Ukraine Donau Donaudelta Douro/Portugal Elbe Elbe-Havel-Kanal / Oder-Havel-Kanal Galapagosinseln Gironde/Frankreich Grönland Große Seen Guadalquivir/Spanien Havel Hawaii Indische Flüsse Indischer Ozean Irrawaddy/Myanmar Jangtsekiang/China Kanada & Neuengland Kanarische Inseln Karibik, östlich Karibik, südlich Karibik, westlich Loire/Frankreich Main Main-Donau Kanal Mecklenburgische Seenplatte Mekong/Vietnam Mexikanische Riviera Mittelamerika, Pazifikküste Mittelmeer, östlich Mittelmeer, westlich Moldau Mosel Neckar Neuseeland Nil/Ägypten Nord-Ostsee-Kanal Nordafrika, Atlantikküste Nordafrika, Mittelmeerküste Nordkap Nordmeer Nordsee Oder Ostsee Panamakanal Peene Po/Italien Rhein Rhône/Frankreich Rotes Meer Rund um Südamerika Rund um Westeuropa Russische Flüsse Saar Saône/Frankreich Schwarzes Meer Seine/Frankreich Spree Südafrika, Atlantikküste Südafrika, Indischer Ozean Südamerika, Atlantikküste Südamerika, Pazifikküste Südostasien Südsee Suezkanal Tasmanien Transasien Transatlantik, nördlich Transatlantik, südlich Transpazifik USA, Ostküste USA, Westküste Weltreise Reisedauer beliebig 1 Woche 2 Wochen 3 Wochen 4 Wochen 1 Übernachtung 2 Nächte 3 Nächte 4 Nächte bis 3 Nächte 4-7 Nächte 8-11 Nächte 12-14 Nächte 15-21 Nächte > 21 Nächte Früheste Hinreise Späteste Rückreise Reederei beliebig A-ROSA AIDA Cruises Azamara Club Cruises Carnival Cruise Lines Celebrity Cruises Costa Kreuzfahrten Crystal Cruises Cunard Hapag-Lloyd Cruises Holland America Hurtigruten Lernidee MSC Kreuzfahrten Nicko Cruises Norwegian Cruise Line Oceania Cruises P&O Cruises Phoenix Plantours Kreuzfahrten Ponant Princess Cruises Regent Seven Seas Cruises Royal Caribbean International Sea Cloud Cruises Seabourn SeaDream Yacht Club Silversea Cruises Star Clippers TransOcean TUI Cruises Abfahrtshafen Abfahrtshafen wählen Amsterdam Barbados Barcelona Bergen Dubai Fort Lauderdale Genua Hamburg Kiel Kopenhagen La Romana Mallorca Miami New York Savona Valletta Venedig Warnemünde OK Erweiterte Suche Erweiterte Suche Erweiterte Suche Jetzt suchen Ruefa © 2017 Verkehrsbüro-Ruefa Reisen GmbH Lassallestraße 3, A-1020 Wien Facebook Unternehmen Kontakt Reisen Jobs Presse Hilfe AGBs Partner Reisebürosicherungsverordnung Sicherheit Impressum Siteindex Mehrfach zertifiziert Sie finden uns auch hier Zahlungsmöglichkeiten Reisebüros Wien Niederösterreich Oberösterreich Burgenland Steiermark Salzburg Kärnten Tirol Vorarlberg Online buchen Pauschalreisen Städte Last Minute Flüge weltweit Hotels weltweit Ferienhäuser Kreuzfahrten Fähre Angebote Hotels Pauschalreisen Kreuzfahrten Städtereisen Fernreisen Sommerurlaub Familienurlaub Bahnreisen Kataloge Asien 2017/18 Kultur- & Studien Reisen Weltweit 2018 Kultur- & Studien Reisen Europa 2018 Goldene Reise 2017 Afrika 2016-18 Drifters Afrika Touren 2018 Indischer Ozean 2017/18 Karibik 2017/18 Lateinamerika 2017/18 Laufreisen 2017 Sportevents 2017 Kreuzfahrten 2017/18 Hurtigruten Norwegen & Expeditions-Reisen 2017/18 Lernidee Schiffsreisen 2018 Lernidee Sonderzugreisen 2018 Betriebsausflüge 2017 Frühbucher Ägypten Bulgarien Griechenland Italien Kroatien Portugal Spanien Türkei Tunesien Services Ruefa Kataloge Gutscheine Einreise und Visum Schwarze Liste Airlines Reisepartnerbörse Persönliches Angebot Gesundheitsinfos Ruefa Reisetipps Newsletter Veranstaltungen Servicepauschalen Reise Checkliste Veranstalter "
140,ruegen-abc.de," Rügen - Ferienwohnungen, Ferienhäuser, Hotels – Insel Urlaub an der Ostsee: Wir sind für Sie vor Ort 038306 62606 Heute von 8:00 - 16:00 und 17:00 - 20:00 Uhr Seit 20 Jahren Ihr Buchungsportal für die Insel Rügen Urlaub auf Rügen, seit 20 Jahren Ihr regionaler Partner der besten Unterkünfte auf der Insel Rügen! Wir sind für Sie direkt vor Ort! Freie Unterkunft findenRügen – Eine Insel mit besonderem Charme Die Insel Rügen zählt zu den beliebtesten Urlaubsregionen Deutschlands und ist gleichzeitig die größte deutsche Insel. Ihre Reet- und Bäderarchitektur mit zahlreichen Baudenkmalen, die Sie von einer Unterkunft überall auf Rügen bewundern können, verleiht ihr ein besonderes Flair. Die Insel an der pommerschen Ostseeküste wird durch viele Halbinseln, Meeresbuchten und Lagunen geprägt. Die Hauptsaison für einen Urlaub auf Rügen ist zwischen Juni und August, auch wenn die Insel im gesamten Zeitraum von April bis Oktober ein beliebtes Reiseziel ist. Neben der Bäderarchitektur und der vielfältigen Landschaft machen auch das wachsende Kulturangebot und die schönen Sandstrände Rügen zu einem beliebten Urlaubsziel. Auf einen BlickNoch freie Unterkünfte über Silvester 2017 Aktuelle Rabatte: Bis zu 50% sparen! Urlaub auf Rügen zu besonders günstigen Konditionen: aktuelle Rabatt-Angebote. Unterkünfte nach KategorienFerienwohnungenFerienhäuserHotelsPensionen Beliebte Reiseziele auf RügenOstseebad BinzGloweOstseebad GöhrenOstseebad SellinOstseebad BaabeSassnitzSeedorfPutbusAlle Orte anzeigen Als Buchungsportal sind wir Ihr Ansprechpartner für eine Unterkunft Rügen Unser Buchungsportal verfügt über 20 Jahre Erfahrung und ist mit Büros auf Rügen direkt vor Ort. Dadurch wissen wir, wo die schönsten Plätze auf Rügen zu finden sind und können unsere Unterkünfte gezielt aussuchen. Auf unserem Buchungsportal finden Sie Ferienwohnungen, Ferienhäuser, Hotels und Pensionen, so dass Sie sich die Art von Unterkunft aussuchen können, die Sie bevorzugen. Zudem bieten wir Ihnen Unterkünfte in direkter Strandlage und mit Meerblick oder auch mitten in der Stadt an. Unser Ziel ist es, dass Sie möglichst leicht eine Unterkunft finden, die Ihrer Vorstellung entspricht. Daher finden Sie in den Beschreibungen der einzelnen Unterkünfte die aktuellen Belegungspläne und genaue Informationen zu der Ausstattung und Lage der Unterkunft, sowie Bewertungen von Gästen. So können Sie sicher sein, dass Sie bei der Ankunft in Ihrer Unterkunft auch genau das vorfinden, was Sie sich vorgestellt haben. Welche Region eignet sich am besten für Ihren Urlaub auf Rügen? Sie sind sich noch nicht sicher in welcher Region Sie Ihren Urlaub auf Rügen verbringen möchten? Jede Region auf Rügen hat ihren eigenen Reiz. Zu den beliebtesten Urlaubsregionen Rügens zählt die Halbinsel Mönchgut, im Südosten der Insel mit ihrer zerklüfteten Küste. Wer einen entspannten Urlaub in der Natur mit viel Ruhe sucht, sollte sich für einen Urlaub im Westen oder Süden Rügens entscheiden. Für begeisterte Angler und Wanderer, sowie für Badeurlauber ist besonders der Süden der Insel zu empfehlen. Bei Radfahrern ist insbesondere der Norden mit seinen Kreidefelsen ein beliebtes Urlaubsziel. Unterkünfte nach ThemenUrlaub am Stand - Strandnahe UnterkünfteUrlaub mit Kind - Unterkünfte für FamilienurlaubUrlaub mit Hund - Hundefreundliche UnterkünfteWellness-Urlaub - Unterkünfte mit WellnessbereichUnsere Inseltipps Ausflugsziele, Sehenswürdigkeiten und spannende Aktivitäten für Ihren UrlaubIhre Unterkunft auf Ruegen-abc Informationen für Vermieter von Ferienunterkünften Unterkunft Rügen – umgeben von einer atemberaubenden Landschaft Die Landschaft Rügens ist gekennzeichnet durch eine einmalige Vielfalt. Keine andere Insel bietet solch vielfältige Landschaftsformen auf engstem Raum an. Neben Dünen und Buchten finden sich hier schroffe Steilküsten, Moorlandschaften, Seen, sanfte Hügel und Wälder. Auf der Insel befinden sich verschiedene Naturschutzgebiete, sowie ein Biosphärenreservat in Südost-Rügen, die eine naturbelassene Tier- und Pflanzenwelt bieten. Besonders sehenswert sind die Kreidefelsen und der Buchenwaldbestand im Nationalpark Jasmund, die im Jahr 2011 zum UNESCO Weltnaturerbe ernannt wurden. Auch die Feuersteinfelder im Naturschutzgebiet Schmale Heide, die vor etwa 4.000 Jahren entstanden, sind eine Besonderheit. Das Biosphärenreservat Südost-Rügens, das vor 10.000 bis 12.000 Jahren durch Gletschervorstöße der Weichselkaltzeit geformt wurde, umfasst eine Fläche von 235 km². Durch seine Entstehungsgeschichte bietet es interessante Küsten- und Landschaftsformen, wie z.B. Geschiebemergelkliffs oder Blockstrände. Besuchen Sie bei Ihrem Urlaub Rügen die zahlreichen Sehenswürdigkeiten Neben der atemberaubenden Natur hat Rügen auch viele weitere Sehenswürdigkeiten zu bieten, die Sie in Ihrem Urlaub besuchen können. So zählt z.B. eine Fahrt mit dem „Rasenden Roland“, Deutschlands ältester Schmalspurbahn, zu den beliebtesten Attraktionen. Diese verbindet die Strecke zwischen Göhren, Baabe, Sellin und Binz und fährt mit einer Geschwindigkeit von 30 km/h. Während der Fahrt können Sie die Landschaft Rügens in aller Ruhe genießen. Auch das Flächendenkmal „Kap Arkona“ im Norden Rügens, mit zwei Leuchttürmen, einem Burgwall und einem ca. 50 Meter hohem Steilkliff, ist ein tolles Ausflugsziel. Außerdem zählen die knapp 400 Meter lange Seebrücke Sellin, der „Koloss von Prora“, das Jagdschloss Granitz in der Nähe von Binz, das U-Boot Museum in Sassnitz und die Footbridge zu den beliebtesten Sehenswürdigkeiten bei einem Urlaub auf Rügen. Ein besonderes Ausflugsziel ist auch die Tauchgondel in Sellin, bei der Sie in etwa 4 Metern unter der Meeresoberfläche Fische und andere Meerestiere oder Pflanzen in ihrer natürlichen Umgebung beobachten können. weiterlesenUrlaub auf Rügen mit Familie und Hund Auch für einen Urlaub mit der ganzen Familie ist das familienfreundliche Rügen das perfekte Reiseziel. Neben langen Sandstränden, die zum Spielen im Sand und im Wasser ideal geeignet sind, gibt es auf Rügen viele Freizeitparks, wie den Rügen Park oder den Freizeitpark Karls. Unternehmen Sie mit Ihren Kindern eine Fahrt mit der Tschutschu Bahn oder einer Pferdekutsche. Außerdem bieten ein Seilgarten oder das Dinosaurierland Spaß für die ganze Familie. Doch nicht nur für einen Familienurlaub ist Rügen gut geeignet, auch ein Urlaub mit Hund ist hier gut möglich. Die Insel gilt als sehr hundefreundlich, weshalb Sie hier einfach eine passende Unterkunft finden, in der auch Ihr Hund herzlich willkommen ist. Auf der gesamten Insel sind zahlreiche Hundestrände zu finden, an denen sich Ihr Vierbeiner austoben kann. So müssen Sie auch bei einem Urlaub mit Hund nicht auf das Baden im Meer verzichten. Auch zu ausgedehnten Wanderungen und Spaziergängen in den Nationalparks können Sie Ihren Hund mitnehmen. Sie möchten Ihre Unterkunft auf Rügen möglichst günstig buchen? Auf unserem Buchungsportal werden Sie fündig! Durch die detailreiche Darstellung der Unterkünfte, günstige Preise und Last Minute Angebote bietet Ihnen unser Buchungsportal viele Vorteile für die Buchung einer Unterkunft auf Rügen. Besonderen Wert setzen wir auf eine umfassende Betreuung unserer Kunden. Daher ist eine Buchung Ihrer Unterkunft auf Rügen bei uns nicht nur über unser Portal, sondern auch über unsere Telefon-Hotline möglich. Durch Schnittstellen mit diversen Buchungsseiten kann es hierbei zu keinen Mehrfach-Buchungen kommen. Die Rechnung für Ihre Unterkunft bezahlen Sie direkt beim jeweiligen Vermieter. Bei Fragen oder wenn Sie eine Beratung bei der Suche nach einer passenden Unterkunft wünschen, können Sie uns gerne telefonisch kontaktieren oder in einem unserer Büros direkt vor Ort vorbeikommen. Unsere Büros befinden sich hinter der Rügenbrücke in Rambin und in Sassnitz. Gemeinsam finden wir garantiert die Unterkunft, die Ihren Wünschen genau entspricht. nach ObenUnterkunft findenUnterkunft findenOrtAlle Orte (1622 Unterkünfte)Alle Orte (1622 Unterkünfte)Ostseebäder (Gruppe, 733 Unterkünfte)Altefähr (Ort, 4 Unterkünfte)Altenkirchen (Ort, 19 Unterkünfte)Altkamp (Ort, 14 Unterkünfte)Alt Reddevitz (Ort, 28 Unterkünfte)Arkona (Ort, 3 Unterkünfte)Baabe (Ort, 64 Unterkünfte)Bergen (Ort, 16 Unterkünfte)Binz (Ort, 314 Unterkünfte)Boldevitz (Ort, 8 Unterkünfte)Breege (Ort, 11 Unterkünfte)Buschvitz (Ort, 5 Unterkünfte)Dranske (Ort, 40 Unterkünfte)Dreschvitz (Ort, 1 Unterkunft)Gademow (Ort, 2 Unterkünfte)Garz (Ort, 6 Unterkünfte)Gingst (Ort, 6 Unterkünfte)Glowe (Ort, 113 Unterkünfte)Gobbin (Ort, 1 Unterkunft)Göhren (Ort, 196 Unterkünfte)Götemitz (Ort, 1 Unterkunft)Groß Kubbelkow (Ort, 1 Unterkunft)Groß Schoritz (Ort, 1 Unterkunft)Gross-Zicker (Ort, 3 Unterkünfte)Gustow (Ort, 32 Unterkünfte)Hagen (Ort, 25 Unterkünfte)Juliusruh (Ort, 49 Unterkünfte)Kluis (Ort, 3 Unterkünfte)Kniepow (Ort, 2 Unterkünfte)Lancken (Ort, 1 Unterkunft)Lancken-Granitz (Ort, 11 Unterkünfte)Lauterbach (Ort, 12 Unterkünfte)Lieschow (Ort, 9 Unterkünfte)Lietzow (Ort, 17 Unterkünfte)Lobbe (Ort, 1 Unterkunft)Lohme (Ort, 3 Unterkünfte)Lubkow (Ort, 5 Unterkünfte)Middelhagen (Ort, 44 Unterkünfte)Nadelitz (Ort, 1 Unterkunft)Neddesitz (Ort, 6 Unterkünfte)Neuenkirchen (Ort, 5 Unterkünfte)Nipmerow (Ort, 3 Unterkünfte)Nonnevitz (Ort, 1 Unterkunft)Patzig (Ort, 5 Unterkünfte)Polchow (Ort, 18 Unterkünfte)Poseritz (Ort, 2 Unterkünfte)Puddemin (Ort, 2 Unterkünfte)Putbus (Ort, 73 Unterkünfte)Putgarten (Ort, 18 Unterkünfte)Ralswiek (Ort, 1 Unterkunft)Rambin (Ort, 16 Unterkünfte)Rappin (Ort, 12 Unterkünfte)Sagard (Ort, 8 Unterkünfte)Samtens (Ort, 6 Unterkünfte)Sassnitz (Ort, 70 Unterkünfte)Schaprode (Ort, 38 Unterkünfte)Seedorf (Ort, 33 Unterkünfte)Sehlen (Ort, 1 Unterkunft)Sellin (Ort, 159 Unterkünfte)Serams (Ort, 5 Unterkünfte)Spyker (Ort, 3 Unterkünfte)Süllitz (Ort, 1 Unterkunft)Thesenvitz (Ort, 1 Unterkunft)Thiessow (Ort, 11 Unterkünfte)Ummanz (Ort, 16 Unterkünfte)Vaschvitz (Ort, 1 Unterkunft)Vilmnitz (Ort, 1 Unterkunft)Wiek (Ort, 25 Unterkünfte)Zirkow (Ort, 9 Unterkünfte)AnreisedatumReisedatum noch unbekanntDatum der AnreiseDezember 2017MoDiMiDoFrSaSo01020304050607080910111213141516171819202122232425262728293031Januar 2018MoDiMiDoFrSaSo01020304050607080910111213141516171819202122232425262728293031Februar 2018MoDiMiDoFrSaSo01020304050607080910111213141516171819202122232425262728März 2018MoDiMiDoFrSaSo01020304050607080910111213141516171819202122232425262728293031April 2018MoDiMiDoFrSaSo010203040506070809101112131415161718192021222324252627282930Mai 2018MoDiMiDoFrSaSo01020304050607080910111213141516171819202122232425262728293031Juni 2018MoDiMiDoFrSaSo010203040506070809101112131415161718192021222324252627282930Juli 2018MoDiMiDoFrSaSo01020304050607080910111213141516171819202122232425262728293031August 2018MoDiMiDoFrSaSo01020304050607080910111213141516171819202122232425262728293031September 2018MoDiMiDoFrSaSo010203040506070809101112131415161718192021222324252627282930Oktober 2018MoDiMiDoFrSaSo01020304050607080910111213141516171819202122232425262728293031November 2018MoDiMiDoFrSaSo010203040506070809101112131415161718192021222324252627282930Dezember 2018MoDiMiDoFrSaSo01020304050607080910111213141516171819202122232425262728293031Januar 2019MoDiMiDoFrSaSo01020304050607080910111213141516171819202122232425262728293031Februar 2019MoDiMiDoFrSaSo01020304050607080910111213141516171819202122232425262728März 2019MoDiMiDoFrSaSo01020304050607080910111213141516171819202122232425262728293031April 2019MoDiMiDoFrSaSo010203040506070809101112131415161718192021222324252627282930AbreisedatumReisedatum noch unbekanntDatum der AbreiseDezember 2017MoDiMiDoFrSaSo01020304050607080910111213141516171819202122232425262728293031Januar 2018MoDiMiDoFrSaSo01020304050607080910111213141516171819202122232425262728293031Februar 2018MoDiMiDoFrSaSo01020304050607080910111213141516171819202122232425262728März 2018MoDiMiDoFrSaSo01020304050607080910111213141516171819202122232425262728293031April 2018MoDiMiDoFrSaSo010203040506070809101112131415161718192021222324252627282930Mai 2018MoDiMiDoFrSaSo01020304050607080910111213141516171819202122232425262728293031Juni 2018MoDiMiDoFrSaSo010203040506070809101112131415161718192021222324252627282930Juli 2018MoDiMiDoFrSaSo01020304050607080910111213141516171819202122232425262728293031August 2018MoDiMiDoFrSaSo01020304050607080910111213141516171819202122232425262728293031September 2018MoDiMiDoFrSaSo010203040506070809101112131415161718192021222324252627282930Oktober 2018MoDiMiDoFrSaSo01020304050607080910111213141516171819202122232425262728293031November 2018MoDiMiDoFrSaSo010203040506070809101112131415161718192021222324252627282930Dezember 2018MoDiMiDoFrSaSo01020304050607080910111213141516171819202122232425262728293031Januar 2019MoDiMiDoFrSaSo01020304050607080910111213141516171819202122232425262728293031Februar 2019MoDiMiDoFrSaSo01020304050607080910111213141516171819202122232425262728März 2019MoDiMiDoFrSaSo01020304050607080910111213141516171819202122232425262728293031April 2019MoDiMiDoFrSaSo010203040506070809101112131415161718192021222324252627282930Ich bin zeitlich flexibelGewünschte Reisedauer im ZeitraumAnzahl Erwachsene 2 Erwachsene 1 Erwachsener 2 Erwachsene 3 Erwachsene 4 Erwachsene 5 Erwachsene 6 Erwachsene 7 Erwachsene 8 Erwachsene 9 ErwachseneAnzahl Kinder 0 Kinder 0 Kinder 1 Kind 2 Kinder 3 Kinder 4 Kinder 5 Kinder 6 Kinder 7 Kinder 8 Kinder 9 KinderAlter der Kinder......01234567891011121314151617......01234567891011121314151617......01234567891011121314151617......01234567891011121314151617......01234567891011121314151617......01234567891011121314151617......01234567891011121314151617......01234567891011121314151617......01234567891011121314151617......01234567891011121314151617Anzahl Haustiere 0 Haustiere 0 Haustiere 1 Haustier 2 Haustiere 3 Haustiere 4 HaustiereSuchenZurück Suche mit der Rügen Karte Rügen Unterkünfte Ferienwohnungen Rügen Ferienhäuser Rügen Hotels Rügen Pensionen Rügen Service-HotlineHaben Sie Fragen zu einer Unterkunft oder benötigen Sie Hilfe? Rufen Sie uns an oder schauen Sie in die Rubrik Häufig gestellte Fragen.038306-62606RückrufserviceWir sind heute von 8:00 - 16:00 und 17:00 - 20:00 Uhr für Sie da. 100% ServiceJederzeit erreichbar, Schnell und Zuverlässig. Büro vor OrtSeit 1998 sind wir mit eigenem Büro für Sie vor Ort auf Rügen. SicherSicher bezahlen per Rechnung direkt beim Vermieter.Unterkunft vermietenWir unterstützen Vermieter bei der Vermarktung und Auslastung von Unterkünften.Nähere InformationenKundenbewertet4.60/5.00138.222 Bewertungenvon hier, trustpilot.de, klicktel.de, ruegen-abc.deErfurt02.12.2017mehrFerienwohnungAlles super in Ordnung. Kann ich echt weiter empfehlen.Weitere KundenbewertungenMerkliste Es befinden sich noch keine Unterkünfte auf Ihrer Merkliste.ZurückMerkliste (0) Suchen Merkliste Angebote mehr Service / Impressum Unterkünfte Ferienwohnungen Ferienhäuser Hotels Pensionen Spezial Unterkünfte Alle Unterkünfte A-Z Alle Ferienhäuser A-Z Alle Ferienwohnungen A-Z Alle Hotels A-Z Alle Pensionen A-Z Orte auf Rügen Ostseebad Binz Ostseebad Sellin Ostseebad Göhren Ostseebad Baabe Sassnitz Weitere Orte Angebote Rügen Angebote Last Minute Wellness Besonders Preiswert Saisonangebote Kontakt / Service Allgemeine Anfrage Rückrufservice Über uns Kundenmeinungen Unterkunft vermieten Newsletter Folgen Sie uns Services I Reiseversicherung Fotokalender Rügen Fahrradverleih Online-Shop Services II Inseltipps Rügen Rügen Blog Rabatt Karte Störtebeker © 1998 - 2017 ruegen-abc.de - Seit 20 Jahren Ihr Buchungsportal auf Rügen AGB Datenschutz Impressum *Alle Preise verstehen sich inkl. der gesetzlichen MwSt. 7 % auf den Übernachtungspreis, 19 % auf alle anderen Nebenleistungen. Zurück "
141,sammy-icon.de," Socken-Online-Shop | Sammy Icon - Every Day a New Story Diese Seite benötigt Cookies. Sind Sie mit der Nutzung von Cookies einverstanden? Ja Nein Um Sammy Icon - Every Day a New Story in vollem Umfang nutzen zu können, empfehlen wir Ihnen Javascript in Ihrem Browser zu aktiveren. Service/Hilfe Händler-Login Kontakt Versand und Zahlungsbedingungen Übersicht Pflegesymbole Über uns Widerrufsrecht Datenschutz AGB Impressum Menü Suchen Suchen Mein Konto Warenkorb 0 0,00 € * SockenMismatchedUnterwäscheNEULimited EditionGeschenksetsWarme SockenSale Zur Kategorie Socken Herren Socken Damen Socken Kinder Socken Sneaker Socken Füßlinge Warme Socken Mismatched Zur Kategorie Mismatched Zur Kategorie Unterwäsche Men Women Zur Kategorie NEU Zur Kategorie Limited Edition Sammy Icon Limited Edition Socken Zur Kategorie Geschenksets Zur Kategorie Warme Socken Zur Kategorie Sale  Menü schließen Kategorien Socken Mismatched Unterwäsche NEU Limited Edition Geschenksets Warme Socken Sale Informationen Händler-Login Kontakt Versand und Zahlungsbedingungen Übersicht Pflegesymbole Über uns Widerrufsrecht Datenschutz AGB Impressum Damen Socken Herren Socken Women Sale Men Mismatched Socken TIPP! NEU Zebra Mismatched Socken Marty 36-40 9,99 € * Jetzt bestellen TIPP! NEU Mismatched Socken Balto 36-40 9,99 € * Jetzt bestellen TIPP! Mismatched Socken Sutter 36-40 9,99 € * Jetzt bestellen TIPP! Mismatched Socken Radier 36-40 9,99 € * Jetzt bestellen TIPP! Mismatched Socken Blast 36-40 9,99 € * Jetzt bestellen TIPP! Mismatched Socken Aragon 36-40 9,99 € * Jetzt bestellen TIPP! Mismatched Socken Pueblo 36-40 9,99 € * Jetzt bestellen TIPP! Mismatched Socken Herald 36-40 9,99 € * Jetzt bestellen TIPP! Mismatched Socken Downpour 36-40 9,99 € * Jetzt bestellen TIPP! NEU Zebra Mismatched Socken Marty 36-40 9,99 € * Jetzt bestellen TIPP! NEU Mismatched Socken Balto 36-40 9,99 € * Jetzt bestellen TIPP! Mismatched Socken Sutter 36-40 9,99 € * Jetzt bestellen TIPP! Mismatched Socken Radier 36-40 9,99 € * Jetzt bestellen TIPP! Mismatched Socken Blast 36-40 9,99 € * Jetzt bestellen TIPP! Mismatched Socken Aragon 36-40 9,99 € * Jetzt bestellen Bunte Unterwäsche für Sie und Ihn TIPP! Mes Grey Undie XS 39,99 € * 49,99 € * Jetzt bestellen TIPP! Boxershorts Ether S 19,99 € * 24,99 € * Jetzt bestellen TIPP! Boxershorts Kepler Coral S 24,99 € * Jetzt bestellen TIPP! Boxershorts Chuck S 19,99 € * 24,99 € * Jetzt bestellen TIPP! Boxershorts Banger S 19,99 € * 24,99 € * Jetzt bestellen TIPP! Boxershorts Cortes S 19,99 € * 24,99 € * Jetzt bestellen TIPP! Boxershorts Polo S 19,99 € * 24,99 € * Jetzt bestellen TIPP! Boxershorts Shackleton S 19,99 € * 24,99 € * Jetzt bestellen TIPP! Matchpoint+ Herren Boxer Shorts S 19,99 € * 24,99 € * Jetzt bestellen TIPP! Tahiti Herren Boxer Shorts S 19,99 € * 24,99 € * Jetzt bestellen TIPP! Berg Undie XS 39,99 € * 49,99 € * Jetzt bestellen TIPP! Zipper Panties XS 19,99 € * 24,99 € * Jetzt bestellen TIPP! Deer Violet Panties XS 19,99 € * 24,99 € * Jetzt bestellen TIPP! Inca Gold Panties XS 19,99 € * 24,99 € * Jetzt bestellen TIPP! Illusion Candy Panties XS 19,99 € * 24,99 € * Jetzt bestellen TIPP! Chamanes Panties XS 19,99 € * 24,99 € * Jetzt bestellen TIPP! Swallow Grey Panties XS 19,99 € * 24,99 € * Jetzt bestellen TIPP! Deer Berry Panties XS 19,99 € * 24,99 € * Jetzt bestellen TIPP! Mes Grey Undie XS 39,99 € * 49,99 € * Jetzt bestellen TIPP! Boxershorts Ether S 19,99 € * 24,99 € * Jetzt bestellen TIPP! Boxershorts Kepler Coral S 24,99 € * Jetzt bestellen TIPP! Boxershorts Chuck S 19,99 € * 24,99 € * Jetzt bestellen TIPP! Boxershorts Banger S 19,99 € * 24,99 € * Jetzt bestellen TIPP! Boxershorts Cortes S 19,99 € * 24,99 € * Jetzt bestellen NEU Geschenksets Warme Socken Our Stories Neu bei uns TIPP! NEU Zebra Mismatched Socken Marty 36-40 9,99 € * Jetzt bestellen NEU Gemusterte Socken Mexico 36-40 9,99 € * Jetzt bestellen NEU Bunte Socken Fuji Bordeaux 36-40 9,99 € * Jetzt bestellen NEU Indianische Socken Navajo 36-40 9,99 € * Jetzt bestellen TIPP! NEU Mismatched Socken Balto 36-40 9,99 € * Jetzt bestellen TIPP! Mes Grey Undie XS 39,99 € * 49,99 € * Jetzt bestellen TIPP! Socken Geschenk Set ""3 Könige"" 36-40 24,99 € * Jetzt bestellen TIPP! 8-Bit Duck Hunter 36-40 9,99 € * Jetzt bestellen TIPP! Boxershorts Ether S 19,99 € * 24,99 € * Jetzt bestellen TIPP! Boxershorts Kepler Coral S 24,99 € * Jetzt bestellen TIPP! 3er Set Füßlinge Banane 36-40 19,99 € * 23,97 € * Jetzt bestellen TIPP! 3er Set Füßlinge Indigo 36-40 19,99 € * 23,97 € * Jetzt bestellen TIPP! Mismatched Socken Sutter 36-40 9,99 € * Jetzt bestellen TIPP! Gestreifte Socken Yukon 36-40 9,99 € * Jetzt bestellen TIPP! Gemusterte Socken Corby 36-40 9,99 € * Jetzt bestellen TIPP! Gestreifte Socken Grimsby 36-40 9,99 € * Jetzt bestellen TIPP! Mismatched Socken Radier 36-40 9,99 € * Jetzt bestellen TIPP! Gemusterte Socken Versant 36-40 9,99 € * Jetzt bestellen TIPP! Gemusterte Socken Monagas 36-40 9,99 € * Jetzt bestellen TIPP! Wellen Socken Hawser 36-40 9,99 € * Jetzt bestellen TIPP! Socken Geschenk Set ""Jivaro"" 36-40 24,99 € * Jetzt bestellen TIPP! Designer Socken Bolivar 36-40 9,99 € * Jetzt bestellen TIPP! Mismatched Socken Blast 36-40 9,99 € * Jetzt bestellen TIPP! Socken Geschenk Set ""Acapulco"" 36-40 24,99 € * Jetzt bestellen TIPP! Gestreifte Socken Barrow 36-40 9,99 € * Jetzt bestellen TIPP! Bunte Socken Areso 36-40 9,99 € * Jetzt bestellen TIPP! Mismatched Socken Aragon 36-40 9,99 € * Jetzt bestellen TIPP! Bunte Socken Barnet 36-40 9,99 € * Jetzt bestellen Business Socken Batynar 36-40 9,99 € * Jetzt bestellen TIPP! Socken Geschenk Set ""Hazy"" 36-40 24,99 € * Jetzt bestellen TIPP! NEU Zebra Mismatched Socken Marty 36-40 9,99 € * Jetzt bestellen NEU Gemusterte Socken Mexico 36-40 9,99 € * Jetzt bestellen NEU Bunte Socken Fuji Bordeaux 36-40 9,99 € * Jetzt bestellen NEU Indianische Socken Navajo 36-40 9,99 € * Jetzt bestellen TIPP! NEU Mismatched Socken Balto 36-40 9,99 € * Jetzt bestellen Unsere Topseller NEU Bunte Socken Fuji Bordeaux 36-40 9,99 € * Jetzt bestellen NEU Indianische Socken Navajo 36-40 9,99 € * Jetzt bestellen Business Socken Batynar 36-40 9,99 € * Jetzt bestellen TIPP! Boxershorts Banger S 19,99 € * 24,99 € * Jetzt bestellen Rennsport Socken Monaco Purple 36-40 9,99 € * Jetzt bestellen Gemusterte Socken Cruz Night 36-40 9,99 € * Jetzt bestellen Gemusterte Socken Cruz Green 36-40 9,99 € * Jetzt bestellen Blitz Socken Blixen Grey 36-40 9,99 € * Jetzt bestellen Bunte Socken Toscana 40-46 8,99 € * 9,99 € * Jetzt bestellen Gemusterte Socken Cruz Grey 36-40 9,99 € * Jetzt bestellen Gemusterte Socken Cruz Purple 36-40 9,99 € * Jetzt bestellen Bunte Socken Deer Violet 36-40 9,99 € * Jetzt bestellen Business Socken Squares 36-40 9,99 € * Jetzt bestellen TIPP! Gemusterte Sneaker Socken Bloom 36-40 6,99 € * 7,99 € * Jetzt bestellen Uni Socken Lutry Orange 36-40 9,99 € * Jetzt bestellen Business Socken Gothenburg 36-40 9,99 € * Jetzt bestellen Blaue Socken Fuji Blue 36-40 9,99 € * Jetzt bestellen Gemusterte Socken Chamanes 36-40 9,99 € * Jetzt bestellen Dschungel Socken Tahiti Day 36-40 9,99 € * Jetzt bestellen Gepunktete Socken Vixen Yellow 36-40 9,99 € * Jetzt bestellen TIPP! Boot Sneaker Socken Galiot 36-40 6,99 € * 7,99 € * Jetzt bestellen TIPP! Eis Sneaker Socken Mentolo 40-46 6,99 € * 7,99 € * Jetzt bestellen TIPP! Bunte Sneaker Socken Pythagoras 36-40 6,99 € * 7,99 € * Jetzt bestellen TIPP! Bunte Sneaker Socken Archimedes 36-40 6,99 € * 7,99 € * Jetzt bestellen Uni Socken Lutry Pink 36-40 9,99 € * Jetzt bestellen Azteken Socken Aztek Creek 36-40 9,99 € * Jetzt bestellen Bunte Socken Crio 36-40 9,99 € * Jetzt bestellen Schwarz Weise Socken Casablanca 36-40 9,99 € * Jetzt bestellen Blitz Socken Zipper Mint 36-40 9,99 € * Jetzt bestellen Farbige Damen Socken Olmec 36-40 9,99 € * Jetzt bestellen NEU Bunte Socken Fuji Bordeaux 36-40 9,99 € * Jetzt bestellen NEU Indianische Socken Navajo 36-40 9,99 € * Jetzt bestellen Business Socken Batynar 36-40 9,99 € * Jetzt bestellen TIPP! Boxershorts Banger S 19,99 € * 24,99 € * Jetzt bestellen Rennsport Socken Monaco Purple 36-40 9,99 € * Jetzt bestellen Every Day a New Story Sammy Icon ist die unabhängige Marke für alle stilbewussten Menschen. Möchten Sie ungewöhnliche Herrensocken, Damensocken oder Kindersocken kaufen, sind Sie hier genau richtig. Wir entwerfen unverwechselbare Unterwäsche und Accessoires - diese Kreationen verleihen Ihnen Selbstbewusstsein und ultimatives Standing in jeder Lebenslage. Unserer Vision folgend gestalten wir warme Socken für Damen oder Herren und andere Unterwäsche in ausgeflippten Designs alltagstauglich - wer diese Wäsche trägt, der kann kein Spießer sein. Kaufen auch Sie jetzt Sammy Icon Socken in unserem Online-Shop und schreiben Sie mit uns Ihre Geschichte! Designer-Socken im Online-Shop - Sammy Icon Ausgefallene Unterwäsche für Sie und Ihn - ob Shorts, Slips oder stylishe Socken, der Online-Shop von Sammy Icon hält einige trendige Überraschungen für Sie bereit. Wir sind das Independent-Label für alle, die ihren eigenen Weg gehen - mit unseren Socken starten Sie in die Zukunft! Bunte Socken auch im Sale Sammy Icon ist mehr als eine Marke: Unsere Unterwäsche gibt es in vielen bunten Farben - und wir setzen bei unseren Entwürfen besondere Akzente auf Design und Qualität. Ob Damensocken oder Herrensocken, ob Freizeitsocken oder Businesssocken, wir haben das Passende für jeden Anlass und jeden Geldbeutel: Besuchen Sie jetzt unseren Socken-Sale! Außerdem hat jeder unserer Entwürfe seine eigene Story, da Sammy Icon stets auf Reisen geht und etwas erlebt. Damit die vielfältigen Erfahrungen und Eindrücke nicht verloren gehen, verewigen wir sie im Design unserer Socken. Socken als Geschenk Sie suchen nach einem originellen oder lustigen Präsent? Mit den einzigartigen Ideen von Sammy Icon treffen Sie immer ins Schwarze: Machen Sie unsere Socken zum Geschenk! Verehren Sie Ihrer Partnerin oder dem Schwiegersohn zum Beispiel ein Sockenset von Sammy Icon oder einen Satz farbenfrohe Unterwäsche. Von der Sockengeschenkbox über fröhliche Kindersocken bis hin zur stilvollen Herren-Short bieten wir alles für das modisch außergewöhnliche Präsent. Natürlich verpacken wir die Ware auch mit Liebe und Sorgfalt - welches Sockenpaar möchten Sie verschenken? Bezahlung und Lieferung Entdecken Sie die trendigen Socken in unserem Online-Shop: Damensocken Herrensocken Kindersocken - was soll es sein? Haben Sie das perfekte Paar gefunden, bezahlen Sie ganz bequem online, zum Beispiel mit PayPal oder Kreditkarte. Natürlich können Sie warme Socken für Damen oder Kindersocken auch auf Rechnung kaufen. Der Versand erfolgt umgehend und ist innerhalb Deutschlands aus Prinzip kostenlos - das sind die unschlagbaren Vorzüge des Sammy Icon Socken-Online-Shops! Kostenloser Versand ab 20€ Bestellwert hello@sammy-icon.de Service Hotline Telefonische Unterstützung und Beratung unter:01520/1912711Mo-Fr, 09:00 - 20:00 Uhr Shop Service Kontakt Versand und Zahlungsbedingungen Rückgabe Widerrufsrecht AGB Informationen Newsletter Händler-Login Über uns Datenschutz Impressum Finde uns auf Facebook * Alle Preise inkl. gesetzl. Mehrwertsteuer zzgl. Versandkosten und ggf. Nachnahmegebühren, wenn nicht anders beschrieben Händler-Login Kontakt Versand und Zahlungsbedingungen Übersicht Pflegesymbole Über uns Widerrufsrecht Datenschutz AGB Impressum Copyright © Sammy Icon - Alle Rechte vorbehalten "
142,schacht-westerich.de," Schreibgeräte und Papiere bei Schacht & Westerich var Translator = new Translate({""Please select an option."":""Bitte w\u00e4hlen Sie eine Option."",""This is a required field."":""Dies ist ein Pflichtfeld."",""Please enter a valid number in this field."":""Bitte geben Sie eine g\u00fcltige Nummer in dieses Feld ein."",""Please use numbers only in this field. Please avoid spaces or other characters such as dots or commas."":""Bitte tragen Sie nur Ziffern in dieses Feld ein, vermeiden Sie Leerzeichen oder andere Zeichen au\u00dfer Punkten oder Kommas."",""Please use letters only (a-z) in this field."":""Bitte tragen Sie nur Buchstaben (a-z) in dieses Feld ein."",""Please use only letters (a-z), numbers (0-9) or underscore(_) in this field, first character should be a letter."":""Bitte benutzen Sie nur Buchstaben (a-z), Ziffern (0-9) oder Unterstriche (_) in diesem Feld, das erste Zeichen sollte ein Buchstabe sein."",""Please use only letters (a-z) or numbers (0-9) only in this field. No spaces or other characters are allowed."":""Bitte nur Buchstaben (a-z) oder Zahlen (0-9) in diesem Feld verwenden. Es sind keine Leerzeichen oder andere Zeichen erlaubt."",""Please use only letters (a-z) or numbers (0-9) or spaces and # only in this field."":""Bitte nur Buchstaben (a-z), Zahlen (0-9) oder Leerzeichen und # in diesem Feld verwenden."",""Please enter a valid phone number. For example (123) 456-7890 or 123-456-7890."":""Bitte geben Sie eine g\u00fcltige Telefonnummer ein. Zum Beispiel (123) 456-7890 oder 123-456-7890."",""Please enter a valid date."":""Bitte geben Sie ein g\u00fcltiges Datum ein."",""Please enter a valid email address. For example johndoe@domain.com."":""Bitte geben Sie eine g\u00fcltige E-Mail Adresse ein. Zum Beispiel johndoe@domain.de."",""Please enter 6 or more characters."":""Bitte geben Sie 6 oder mehr Zeichen ein."",""Please make sure your passwords match."":""Bitte stellen Sie sicher, dass Ihre Passw\u00f6rter \u00fcbereinstimmen."",""Please enter a valid URL. Protocol is required (http:\/\/, https:\/\/ or ftp:\/\/)"":""Bitte geben Sie eine g\u00fcltige URL ein. M\u00f6gliche Protokolle (http:\/\/, https:\/\/ or ftp:\/\/)"",""Please enter a valid URL. For example http:\/\/www.example.com or www.example.com"":""Bitte geben Sie eine g\u00fcltige URL ein. Zum Beispiel http:\/\/www.beispiel.de oder www.beispiel.de"",""Please enter a valid social security number. For example 123-45-6789."":""Bitte geben Sie eine g\u00fcltige Sozialversicherungsnummer ein. Zum Beispiel 123-45-6789."",""Please enter a valid zip code. For example 90602 or 90602-1234."":""Bitte geben Sie eine g\u00fcltige Postleitzahl ein. Zum Beispiel 21335."",""Please enter a valid zip code."":""Bitte geben Sie eine g\u00fcltige Postleitzahl ein."",""Please use this date format: dd\/mm\/yyyy. For example 17\/03\/2006 for the 17th of March, 2006."":""Bitte benutzen Sie dieses Datumsformat: tt\/mm\/jjjj. Zum Beispiel 17\/03\/2006 f\u00fcr den 17. M\u00e4rz 2006."",""Please enter a valid $ amount. For example $100.00."":""Bitte geben Sie einen g\u00fcltigen Betrag ein. Zum Beispiel 100,00 \u20ac."",""Please select one of the above options."":""Bitte w\u00e4hlen Sie eine der oberen Optionen."",""Please select one of the options."":""Bitte w\u00e4hlen Sie eine der Optionen."",""Please select State\/Province."":""Bitte Land\/Bundesland w\u00e4hlen."",""Please enter valid password."":""Bitte geben Sie ein g\u00fcltiges Passwort ein."",""Please enter 6 or more characters. Leading or trailing spaces will be ignored."":""Bitte geben Sie 6 oder mehr Zeichen ein. Leerzeichen am Anfang oder Ende der Zeichenkette werden entfernt."",""Please use letters only (a-z or A-Z) in this field."":""Bitte tragen Sie nur die Zeichen (a-z oder A-Z) in dieses Feld ein."",""Please enter a number greater than 0 in this field."":""Bitte geben Sie eine Zahl gr\u00f6\u00dfer 0 in dieses Feld ein."",""Please enter a valid credit card number."":""Bitte geben Sie eine g\u00fcltige Kreditkartennummer ein."",""Please wait, loading..."":""Bitte warten, wird geladen..."",""Please choose to register or to checkout as a guest"":""Bitte registrieren Sie sich, oder gehen Sie als Gast zur Kasse"",""Error: Passwords do not match"":""Fehler: Passw\u00f6rter stimmen nicht \u00fcberein"",""Your order cannot be completed at this time as there is no shipping methods available for it. Please make necessary changes in your shipping address."":""Ihre Bestellung kann momentan nicht abgeschlossen werden, da keine Versandarten daf\u00fcr verf\u00fcgbar sind."",""Please specify shipping method."":""Bitte bestimmen Sie die Versandart."",""Your order cannot be completed at this time as there is no payment methods available for it."":""Ihre Bestellung kann momentan nicht abgeschlossen werden, da keine Bezahlmethoden daf\u00fcr verf\u00fcgbar sind."",""Please specify payment method."":""Bitte bestimmen Sie die Bezahlmethode."",""Credit card number does not match credit card type."":""Kreditkartennummer entspricht nicht der angegeben Kreditkartenart."",""Card type does not match credit card number."":""Kreditkartenart entspricht nicht der angegeben Kreditkartennummer."",""Please enter a valid credit card verification number."":""Bitte tragen Sie eine g\u00fcltige Kreditkarten-Pr\u00fcfnummer ein."",""Please use only letters (a-z or A-Z), numbers (0-9) or underscore(_) in this field, first character should be a letter."":""Bitte benutzen Sie nur Buchstaben (a-z oder A-Z), Ziffern (0-9) oder Unterstriche (_) in diesem Feld, das erste Zeichen muss ein Buchstabe sein."",""Please input a valid CSS-length. For example 100px or 77pt or 20em or .5ex or 50%."":""Bitte geben Sie eine g\u00fcltige CSS-L\u00e4nge an. Beispielsweise 100px, 77pt, 20em, .5ex oder 50%."",""Maximum length exceeded."":""Maximale Anzahl von Zeichen \u00fcberschritten."",""Your session has been expired, you will be relogged in now."":""Ihre Sitzung ist abgelaufen, Sie werden nun wieder neu eingeloggt."",""Incorrect credit card expiration date."":""Falsches Kreditkarten Ablaufdatum."",""This date is a required value."":""Das Datum ist eine ben\u00f6tigte Angabe."",""The value is not within the specified range."":""Der Wert ist nicht innerhalb des erlaubten Bereichs."",""Please use only letters (a-z or A-Z) or numbers (0-9) only in this field. No spaces or other characters are allowed."":""Bitte tragen Sie nur Buchstaben (a-z oder A-Z), bzw. Zahlen (0-9) in dieses Feld ein. Keine Freizeichen oder andere Zeichen sind erlaubt."",""Please use only letters (a-z or A-Z) or numbers (0-9) or spaces and # only in this field."":""Bitte verwenden Sie nur Buchstaben (a-z oder A-Z), Zahlen (0-9) und Freizeichen oder # f\u00fcr dieses Feld verwenden."",""Please enter a valid fax number. For example (123) 456-7890 or 123-456-7890."":""Bitte tragen Sie eine g\u00fcltige Faxnummer ein. Zum Beispiel (123) 456-7890 oder 123-456-7890."",""Please use only visible characters and spaces."":""Bitte nur sichtbare Zeichen verwenden."",""Please enter 7 or more characters. Password should contain both numeric and alphabetic characters."":""Bitte geben Sie 7 oder mehr Zeichen ein. Ein Passwort sollte sowohl aus Ziffern wie aus Buchstaben bestehen."",""Please enter a valid URL Key. For example \""example-page\"", \""example-page.html\"" or \""anotherlevel\/example-page\""."":""Bitte geben Sie einen g\u00fcltigen URL-Bezeichner ein. Zum Beispiel \""beispiel-seite\"", \""beispiel-seite.html\"" or \""unterverzeichnis\/beispiel-seite\""."",""Please enter a valid XML-identifier. For example something_1, block5, id-4."":""Bitte geben Sie einen g\u00fcltigen XML-Identifizierer an. Zum Beispiel irgendetwas_1, block5, id-4."",""Please enter a number 0 or greater in this field."":""Bitte tragen Sie eine Zahl 0 oder gr\u00f6\u00dfer in dieses Feld ein."",""Text length does not satisfy specified text range."":""Es sind nur maximal 30 Zeichen erlaubt."",""Please enter a number lower than 100."":""Bitte tragen Sie eine Zahl ein die niedriger wie 100 ist."",""Please enter issue number or start date for switch\/solo card type."":""Bitte geben Sie die Ausstellungsnummer oder das Anfangsdatum f\u00fcr Switch\/Solo Karten an."",""Please enter a valid day (1-%d)."":""Bitte geben Sie einen g\u00fcltigen Tag (1-%d) an."",""Please enter a valid month (1-12)."":""Bitte geben Sie einen g\u00fcltigen Monat (1-12) an."",""Please enter a valid year (1900-%d)."":""Bitte geben Sie ein g\u00fcltiges Jahr (1900-%d) an."",""Please enter a valid full date"":""Bitte geben Sie eine vollst\u00e4ndiges, g\u00fcltiges Datum an"",""Please enter a valid date between %s and %s"":""Bitte geben Sie ein g\u00fcltiges Datum zwischen dem %s und %s an"",""Please enter a valid date equal to or greater than %s"":""Bitte geben Sie ein g\u00fcltiges Datum am oder nach dem %s an"",""Please enter a valid date less than or equal to %s"":""Bitte geben Sie ein g\u00fcltiges Datum am oder vor dem %s an""}); We detected that your JavaScript seem to be disabled. Sie müssen JavaScript in Ihrem Browser aktivieren, um alle Funktionen in diesem Shop nutzen zu können. Kostenlose Lieferung ab 25€ Einkaufswert! Warenkorb 0 Artikel Schreibgeräte Füllfederhalter Kugelschreiber Rollerball Drehbleistift / Bleistift Fineliner Taschenschreibgeräte Screen & Touch Pens Limited Editions Schreibgeräteetuis Tinten, Minen, Zubehör Kunst Buntstifte & Farbstifte Aquarellstifte Tuschestifte Pastellkreide & Kreidestifte Kohle & Monochrome Kalligrafie Malbücher & Skizzenbücher Malpapiere und Blöcke Petschaften & Siegelstempel Sets & Koffer Kalender Buchkalender Ringbücher & Timer Geburtstagskalender Kalendereinlagen Papeterie Papiere & Karten Italienisches Briefpapier Sets & Kassetten Briefumschläge Büttenpapier Karten Schreibblöcke Notizbücher Tagebücher Gästebücher Adressbücher Ordner & Stehsammler Konfirmation- Kommunion-Jugendweihe Rezeptbücher & -ordner Alben Fotoalben Konfirmation Sammelalben Posiealben Kartonage Angebots- und Bewerbungsmappen Leder Schreibgeräteetuis Taschen Umhängetaschen Business-Taschen Portemonnaies & Brieftaschen Visiten- & Kreditkartenetuis Schreib- & Konferenzmappen Ringbücher & Timer Mobile Accessoires Accessoires Schreibtisch Globen Bilderrahmen & Halter Schlüsselanhänger Manschettenknöpfe Schmuckschatullen Gürtel Mobile Accessoires Geschenke Hamburg Mit Herz Reise Hochzeit Ostern Weihnachten Spiele Mit Witz Nanoblock Marken Art & Glory Artebene Atoma Bindewerk Caran d'Ache Alchemix Ecridor Ecridor XS Hexagonal Léman Madison Perla RNX-316 Varius Limited Editions Accessoires & Zubehör Chronoplan Cross Edition Michael Fischer El Casco Elco Faber-Castell Ambition Basic e-motion Loom Ondoro Perfekter Bleistift Pocket Pen Künstlerbedarf Accessoires & Zubehör Filofax Einlagen Mini Pocket Personal A5 Deskfax A4 Letts Mini Pocket Personal Slimline Compact A5 A4 Accessoires & Zubehör Taschen & Mappen Goldbuch Graf von Faber-Castell Classic Anello Guilloche Intuition Tamitio Slim & Pocket Perfekter Bleistift Bleistifte Pen of the Year Lederaccessoires Accessoires & Zubehör Hahnemühle Herrnhuter Sterne Hoptimist Kaweco DIA Sport Student Liliput Elegance Sketch Up Kalligrafie Accessoires & Zubehör Lamy Leuchtturm1917 Kalender Notizbücher Alben Accessoires Mark's Montblanc Schreibgeräte Meisterstück Meisterstück Gold Line Meisterstück Platinum Line Ultra Black Solitaire Bohème StarWalker Montblanc M Heritage Collection Cruise Collection Muses Poudré Princesse Grace de Monaco Leder Business Taschen Schreibgeräte-Etuis Brieftaschen mit Münzfach Brieftaschen ohne Münzfach Visiten- & Kreditkartenetuis Schlüsselanhänger Mobile Accessoires Organizer & Notizen Schmuck Armbänder Manschettenknöpfe Schlüsselringe Geldscheinklammern Kalender Tinten, Minen, Zubehör MyPaperSet Nanoblock PA-Accessoires Paperblanks Parker Duofold Premier Sonnet Ingenuity Urban IM Vector Jotter Accessoires & Zubehör Pelikan Classic Ductus Epoch Majesty Pura Souverän Stola Toledo Special Edition Accessoires & Zubehör Philippi Porsche Design Quo Vadis Retro 1951 Rössler Papier Rossi 1931 Rotring Schacht & Westerich Semikolon Spezia Lederwaren Time/system Einlagen Business A5 Compact Compact Business A5 A4 Accessoires & Zubehör Tools to Liveby v. Transehe Troika Wandnotiz Waldmann Cosmo Edelfeder Tango Xetra Succes Einlagen Mini Junior Compact Senior Standard Office Executive / A5 Mini Junior Senior Standard Executive / A5 Accessoires & Zubehör Zahlarten Kontakt Tel.: 0721-9172722Fax.: 0721-9172729Kontaktformular Newsletter Besuchen Sie unsere Markenshops! Schacht & Westerich Über Schacht & Westerich Unternehmen Tradition Werte Karriere Blog Service Ihr Konto Newsletter Kontakt Infoseiten Kalenderabonnement Informationen AGB Bestellvorgang Zahlungsarten Lieferung Widerruf Datenschutz Impressum Sitemap Partner Kostenlose Lieferung ab 25€ Einkaufswert! "
143,schlafgesund-shop.de," Der Schlafgesund-Shop | schlafgesund-shop.de Sehr gut4.85/5.00Zertifiziert seit 05.02.2014×Zertifizierter Shop Um schlafgesund-shop.de in vollem Umfang nutzen zu können, empfehlen wir Ihnen Javascript in Ihrem Browser zu aktiveren. schlafgesund-shop.de schlafgesund-shop.de schlafgesund-shop.at schlafgesund-shop.ch Service/Hilfe Fachberatung und Bestellung per Telefon 0800 33 22 199 kostenlos vom Festnetz Montag-Freitag von 09.00 - 19.00 Uhr Oder schreiben sie uns per E-mail an info@schlafgesund-shop.de oder über das Kontaktformular. Menü Suchen Suchen Mein Konto Warenkorb 0 0,00 € HomeSALETEMPUR KissenTEMPUR MatratzenTEMPUR SystemrahmenTEMPUR Betten TEMPUR DeckenTEMPUR ReiseprodukteDreampad SALE TEMPUR Kissen TEMPUR Schlafkissen TEMPUR Spezialkissen TEMPUR Bezüge für Kissen TEMPUR Matratzen TEMPUR Original Matratze TEMPUR Sensation Matratze TEMPUR Cloud Matratzen TEMPUR NORTH Topper Kollektion TEMPUR Systemrahmen TEMPUR Betten TEMPUR Decken TEMPUR Reiseprodukte Dreampad Gästebuch  Menü schließen Kategorien SALE TEMPUR Kissen TEMPUR Matratzen TEMPUR Systemrahmen TEMPUR Betten TEMPUR Decken TEMPUR Reiseprodukte Dreampad Gästebuch 0800 33 22 199 Fachberatungs- und Bestellhotline Mo. -Fr. 09.00 - 18.00 Uhr TEMPUR Matratze Sensation Deluxe 22 897,94 € 1.498,00 € TEMPUR Schlafkissen Sonata 92,90 € 139,00 € TEMPUR Original 21 Größe 100 x 200 cm 799,00 € 1.298,00 € Newsletter Newsletter abonnieren a Service Hotline 0800 33 22 199 Fax : 06423 54444 55 E-Mail : info@schlafgesund-shop.de Formular : Kontaktformular Shop Service AGB Datenschutz Garantie Impressum Kontakt Newsletter Über uns Versandbedingungen Widerrufsbelehrung & Muster-Widerrufsformular Zahlungsarten Über uns Besuchen Sie auch unsere großen TEMPUR Fachausstellungen in Hessen. Sie haben dort die Möglichkeit, Matratzen und Kissen ausführlich zu testen und können offene Fragen mit unseren kompetenten Fachberatern direkt klären. Besuchen Sie uns hier... Zahlungsarten schlafgesund-shop international: Sicher einkaufen Versand Social Media * Alle Preise inkl. gesetzl. Mehrwertsteuer zzgl. Versandkosten und ggf. Nachnahmegebühren, wenn nicht anders beschrieben Schnelle Lieferung Premium-Markenqualität Zahlen per Rechnung Top-Preise Persönliche Beratung  0800 33 22 199  Montag - Freitags 09:00 - 18:00 Uhr  E-Mail info@schlafgesund-shop.de Testen Sie unseren kostenlosen Newsletter: Eintragen Zertifikat prüfenKäuferschutzbedingungenAlle Bewertungen Impressum Datenschutz+Maximieren×SchließenSehr gut4.85/5.00Zertifizierter ShopZertifikat prüfenKäuferschutzbedingungenAlle Bewertungen Impressum Datenschutz–Minimierenschlafgesund-shop.de×KäuferschutzSie können sich nach dem Einkauf für die kostenlose Trusted Shops Mitgliedschaft Basic anmelden, inkl. Käuferschutz bis je 100 € für den aktuellen Einkauf sowie für Ihre weiteren Einkäufe in deutschen Shops mit dem Trusted Shops Gütesiegel.Mit Trusted Shops PLUS (inkl. Garantie) werden Ihre Einkäufe sogar bis je 20.000 € durch den Käuferschutz (inkl. Garantie) abgesichert, für 9,90 € pro Jahr inkl. MwSt. bei einer Mindestvertragslaufzeit von 1 Jahr. Die Absicherungsdauer des Käuferschutzes pro Einkauf beträgt in beiden Fällen 30 Tage.Es gelten die Mitgliedschafts- und Käuferschutzbedingungen.Zertifiziertseit 05.02.2014Käuferschutzbis zu 20.000 €×KundenbewertungenDie Note „Sehr gut“ berechnet sich aus den 375 Trusted Shops Bewertungen der letzten 12 Monate, die im Bewertungsprofil eingesehen werden können.894KundenbewertungenSehr gut4.85/5.00Petra S06.09.2017Perfekt Würde sofort wieder bestellen12.11.2017Alles primaE. R21.12.2016Hat alles super geklappt."
144,schlesien-heute.de," Schlesien Heute - Schlesien heute - Senfkorn Verlag & Schlesische Schatztruhe Schlesien Heute Start ZEITUNGEN Schlesien heute Abo/Redaktion Schlesien heute - Titelseiten Schlesien heute - Inhalt 2018 Schlesien heute - Inhalt 2017 Schlesien heute - Inhalt 2016 Schlesien heute - Inhalt 2015 Schlesien heute - Inhalt 2014 Schlesien heute - Inhalt 2013 Schlesien heute - Inhalt 2012 Schlesien heute - Inhalt 2011 Schlesien heute - Inhalt 2010 Schlesien heute - Inhalt 2009 Schlesien heute - Inhalt 2008 Schlesien heute - Inhalt 2007 Schlesien heute - Inhalt 2006 Schlesien heute - Inhalt 2005 Schlesien heute - Inhalt 2004 Schlesien heute - Inhalt 2003 Schlesien heute - Inhalt 2002 Schlesien heute - Inhalt 2001 Schlesien heute - Schlösser REISEN GESCHICHTE VERLAG SCHATZTRUHE SHOP TERMINE Görlitz & Umgebung Dezember 2017 Januar 2018 Heimattreffen Ausstellungen Höhepunkte Gottesdienste/Reformationsjahr Weihnachtsmärkte 2017 Tagungen & Seminare TV-Termine Vereine LINKS Hotels in Schlesien Schlosshotels Schlesien Hotels Görlitz & Zgorzelec Pensionen in Schlesien Pensionen & Ferienwohnungen (Görlitz) Übernachten Zittauer Gebirge Immobilien Attraktionen Bibliotheken Museen Restaurants & Shops Polen KONTAKT Start ZEITUNGEN Schlesien heute Abo/Redaktion Schlesien heute - Titelseiten Schlesien heute - Inhalt 2018 Schlesien heute - Inhalt 2017 Schlesien heute - Inhalt 2016 Schlesien heute - Inhalt 2015 Schlesien heute - Inhalt 2014 Schlesien heute - Inhalt 2013 Schlesien heute - Inhalt 2012 Schlesien heute - Inhalt 2011 Schlesien heute - Inhalt 2010 Schlesien heute - Inhalt 2009 Schlesien heute - Inhalt 2008 Schlesien heute - Inhalt 2007 Schlesien heute - Inhalt 2006 Schlesien heute - Inhalt 2005 Schlesien heute - Inhalt 2004 Schlesien heute - Inhalt 2003 Schlesien heute - Inhalt 2002 Schlesien heute - Inhalt 2001 Schlesien heute - Schlösser REISEN GESCHICHTE VERLAG SCHATZTRUHE SHOP TERMINE Görlitz & Umgebung Dezember 2017 Januar 2018 Heimattreffen Ausstellungen Höhepunkte Gottesdienste/Reformationsjahr Weihnachtsmärkte 2017 Tagungen & Seminare TV-Termine Vereine LINKS Hotels in Schlesien Schlosshotels Schlesien Hotels Görlitz & Zgorzelec Pensionen in Schlesien Pensionen & Ferienwohnungen (Görlitz) Übernachten Zittauer Gebirge Immobilien Attraktionen Bibliotheken Museen Restaurants & Shops Polen KONTAKT 3. Winterakademie im romantischen Riesengebirge auf Schloss Wernersdorf Mitten im Winter laden der Verein zur Pflege schlesischer Kunst und Kultur (VSK) und der… Centaurusstiftung in Breslau bittet um Unterstützung Musik für Tiere und verantwortliche Tierfürsorge Die Centaurus-Stiftung setzt sich für Tierrechte ein Die 2006… 01 Rasteransicht Listenansicht Alle anzeigen News Görlitz: Ministerpräsident Michael Kretschmer traf… Mittwoch Dezember 20 Görlitz: Ministerpräsident Michael Kretschmer… Am Donnerstagabend trafen sich in Görlitz der sächsische Ministerpräsident Michael Kretschmer (CDU) und gut dreißig… Nachtführungen auf Burg Tzschocha Dienstag Dezember 19 Nachtführungen auf Burg Tzschocha Die Höhenburg im niederschlesischen Tzschochau/Sucha plant für ihre Besucher und Hotelgäste eine Reihe von Events… Beeindruckende Lichtskulpturen in Liegnitz Donnerstag Dezember 14 Beeindruckende Lichtskulpturen in Liegnitz Am 6. Dezember eröffnete der Liegnitzer Stadtpräsident Tadeusz Krzakowski, wie jedes Jahr, die städtische Weihnachtsillumination.… Wohltätigkeitsball auf Schloss Braunau Donnerstag Dezember 07 Wohltätigkeitsball auf Schloss Braunau Wohltätigkeitsball am 17. März 2018 für die Stiftung Centaurus in Breslau Die Einnahmen aus der… Neuer Busbahnhof in Breslau eröffnet Mittwoch Dezember 06 Neuer Busbahnhof in Breslau… Nach fast zwei Jahren wurde in Breslau der Bau des neuen Zentralbusbahnhofs der PKS abgeschlossen.… Schlesischer Christkindelmarkt in Görlitz eröffnet Montag Dezember 04 Schlesischer Christkindelmarkt in Görlitz… Schlesischer Christkindelmarkt zu Görlitzvom 1. bis 17. Dezember 2017 Wenn über den Untermarkt der Duft… Buchmesse startet in Breslau Donnerstag November 30 Buchmesse startet in Breslau Vom 30.11. bis 3.12.2017 stellen rund 150 Verlage und Institutionen ihre Publikationen und Neuerscheinungen auf… Mehr anzeigenAlle Artikel Alle Artikel anzeigen. Mehr anzeigen Schlesien heute - Online - Abo Jetzt informieren Angebote 2017 Georgien und Armenien Kulturgeschichte einer Kulturhauptstadt Adelssitze in Niederschlesien Frühling in Niederschlesien Bezaubernde Perlen der Via Regia Winterakademie im Riesengebirge Einladung nach Nieder- und Oberschlesien Faszinierendes Masuren mit Danzig, Thorn, Posen 1 2 3 4 5 6 7 8 Schlesien-Shop der ""Schlesischen Schatztruhe"" aus Görlitz! Autokarte Polen Maßstab 1:650.000Autokarte mit polnischen und deutschen Ortsnamen,deutsch-polnisches Ortsverzeichnis,polnisch-deutsches Ortsverzeichnis Read More Gutes aus der alten Heimat Verlag Komet, 2013, 304 Seiten, geb., farbige Abbildungen, 30 x 23 cm, mit Schutzumschlag Read More Heimreise (Antiquariat) Books on demand, 288 Seiten, Abbildungen farbig, 9 Fotografien, 3 Pläne, 17 x 22 cm Read More Schlesische Mohnbabe ""Gutes aus Schlesien"" von der Bäckerei Hübner aus Horka in der Niederschlesischen Oberlausitz Read More Schlesische Geschichte in Daten Senfkorn Verlag 2014, Broschüre A5, farbige Abbildungen, Karte, 15 x 21 cm, 58 Seiten Read More 1 Senfkorn Verlag & Schlesische Schatztruhe · Alfred Theisen · Brüderstraße 13 · 02826 GörlitzTel. (03581) 40 20 21 (Büro) · Tel. (03581) 41 09 56 (Laden) · Fax (03581) 40 22 31 · e-mail: info@senfkornverlag.de Copyright © 2017 Schlesien Heute. Alle Rechte vorbehalten. · impressum "
145,schweden-immobilien.net," Schweden Immobilien kaufen schweden-immobilien.net Immobilien Schweden kaufen Schweden Immobilien Lieber Schwedenfreund, wir begrüßen Sie recht herzlich im schönen Schweden, dem Land der Mitternachtssonne. Eine saubere Natur, mehr als 300.000 Seen, unzählige Freizeitmöglichkeiten, rechtliche Sicherheit - und vor allem bezahlbare IMMOBILIEN erwarten Sie in SCHWEDEN !! Välkommen till SVERIGE !!. SCHWEDEN IMMOBILIEN kaufen in Südschweden - Mittelschweden - Nord Ferienhaus am Fluss Mittelschweden Naturparadies am See Mittelschweden Top Bauernhof am See Mittelschweden Schweden Immobilien in Südschweden mit Skåne - Småland - Blekinge - Dalsland - Halland - Värmland - Västergötland Südschweden Südschweden Gepflegtes Schwedenhaus in Dorfrandlage nahe Vänern Verkauft Winterfestes Ferienhaus in schöner Naturlage nahe See und Fluss 620.000,-SEK Bilder + Expose Bilder + Expose Südschweden Südschweden Hochwertige Schwedenvilla mit eigener Bootsbrücke 80 m Vänern Verkauft Ferienhaus in lauschiger Waldlage und grossem Wassergrundstück 900.000,-SEKVerkauft Bilder + Expose Bilder + Expose Südschweden Südschweden Schönes, gepflegtes Ferienhaus mit Bootsplatz nur ca. 150 m vom See Verkauft Tolle Schwedenvilla ruhig gelegen am Waldrand mit eigener, privater Zufahrt 1.700.000,-SEK Bilder + Expose Bilder + Expose Weitere Immobilien in Südschweden hier Schweden Immobilien in Mittelschweden mit Västernorrland - Ångermanland - Jämtland - Härjedalen - Dalarna Mittelschweden Mittelschweden Nettes Schwedenhaus in lauschiger Waldrandlage nur 100 m von einem See 250.000,-SEK Gepflegtes, winterfestes Ferienhaus in Waldalleinlage 25 m Fluss 45.000,-EUR incl Inventar Bilder + Expose Bilder + Expose Mittelschweden Mittelschweden Tolles, winterfestes Ferienhaus in schöner Lage zwischen 2 Seen 970.000,-SEK Traditionsreiches Bauernhaus in schöner ländlicher Lage nahe See 700.000,-SEK Bilder + Expose Bilder + Expose Mittelschweden Mittelschweden Gutes Ferienhaus mit Sauna in Waldalleinlage mit gr. Seeufergrund 760.000,-SEK Wunderschöner Waldhof mit Seeufergrundstück + Fisch- und Jagdrecht 1.900.000,-SEK Bilder + Expose Bilder + Expose Weitere Immobilien in Mittelschweden hier Schweden Immobilien in Nordschweden Lappland mit Västerbottenslän - Norrbottenslän Hier in Kürze ein neues Objekt Västerbotten - Lappland Västerbotten - Lappland Hochwertige Villa (Neubau) in wundeschöner Naturlage 2.150.000,-SEK . Bilder + Expose Västebotten - Lappland Västerbotten - Lappland Immobilienschnäppchen für Naturliebhaber im Wald mit Seeblick 20.000,-EUR Preissenkung Resthof in Alleinlage nahe See - gutes Musherobjekt 800.000,-SEK Bilder + Expose Bilder + Expose Västerbotten - Lappland Västerbotten - Lappland Schöner, gepflegter Bauernhof in absolut ruhiger Dorfrandlage 1.030.000,-SEK Nettes Ferien-oder Festwohnhaus in Waldalleinlage 420.000,-SEK Bilder + Expose Bilder + Expose Weitere Immobilien in Nordschweden hier Ihr Schweden Immobilien Team - für Immobilien in Schweden Immobilien Theo Neugebauer* Backumerstr. 400* D-45701 Herten* Tel.: 02366-43967 (aus dem Ausland 0049-2366-43967)* Fax: 02366-41018 Häuser - Ferienhäuser - Bauernhöfe - Resthöfe - Waldhöfe - Haus am See - Ferienanlagen - Schweden - Immobilien - Südschweden - Mittelschweden - Nordschweden - Lappland Partnerseiten von Schweden Immobilien kaufen www.schweden1.de & www.immobilien-schweden.eu Schweden ist mit etwa 9 Millionen Einwohnern das größte skandinavische Land in Nordeuropa. Es grenzt im Westen an Norwegen und im Nordosten an Finnland. Im Osten wird das Land von der Ostsee sowie dem Bottnischen Meerbusen und im Südwesten von den Meerengen Kattegat und Skagerrak, denen gegenüber Dänemark liegt, begrenzt. Die beiden größten Inseln von Schweden sind Gotland und Öland. Die zu Finnland gehörenden Åland-Inseln lassen sich ebenfalls zum schwedischen Kulturkreis hinzurechnen. Seit 1995 ist das Land Mitgliedsstaat der Europäischen Union. Schweden wird in drei Landesteile oder Regionen unterteilt. Dies sind: Götaland besteht aus den 10 südlichsten Provinzen Schwedens. Svealand im südlichen Drittel Schwedens ist das Zentrum des Landes. Es beinhaltet Stockholm. Norrland ist die relativ spärlich besiedelte nördliche Hälfte des Landes. Darüber hinaus hat das Land eine administrative und eine historische Einteilung, die immer wieder miteinander verwechselt werden. Auf der einen Seite gibt es die 25 historischen Provinzen, landskap genannt. Administrativ gliedert sich Schweden heute in 21 Verwaltungseinheiten, die län. Oftmals sind die landskap und die län deckungsgleich (z.B. Skåne, Blekinge, Dalarna, Värmland). Manchmal umfassen die län aber auch mehrere landskap (z.B. Västra Götalands län, Jämtlands län, Gävleborgs län) oder umgekehrt (Kronobergs län, Jömköpings län und Kalmar län ergeben zusammen die landskap Småland). Stockholms län schließlich besteht aus Teilen der historischen Provinzen Uppland und Södermanland. Städte Stockholm - die Hauptstadt, die sich über 14 Inseln verteilt Göteborg - die zweitgrößte Stadt an der Westküste, Mündung des Flusses Göta älv Malmö - im Süden, gegenüber von Dänemarks Hauptstadt Kopenhagen am Öresund gelegen Uppsala - nördlich von Stockholm, eine der größeren Universitätsstädte mit historischer Bausubstanz Jönköping - größte Stadt Smålands, am Südufer des Vättern, früher Zentrum der Streichholzherstellung (Streichholzmuseum) Karlskrona - einzige Barockstadt Schwedens, bedeutende Marinebasis, z.T. zum Weltkulturerbe der UNESCO gehörend Västerås - 100 km westlich von Stockholm, nördlich von Mälaren, Dom Eskilstuna - 100 km westlich von Stockholm, südlich von Mälaren Strängnäs - 100 km westlich von Stockholm, südlich von Mälaren, Dom Linköping - 200 km südwestlich von Stockholm, Dom Karlstad - 300 km westlich von Stockholm, nördlich von Vänern, Mündung des Flusses Klarälven, Dom Kalmar - Hafenstadt an der Ostsee, in der die Kalmarer Union zwischen Dänemark, Schweden und Norwegen geschlossen wurde. Verbindung zur Insel Öland Trollhättan - nördlich von Göteborg, bekannt als Produktionsort der Automarke Saab Lund - etwas nördlich von Malmö gelegen, die größte Universitätsstadt, bekannt für den ältesten Dom Skandinaviens Helsingborg - liegt nördlich von Malmö, an der schmalsten Stelle des Öresund gegenüber dem dänischen Helsingør Norrköping - 160 km südwestlich von Stockholm, Hafenstadt an der Ostsee Örebro - 200 km westlich von Stockholm, westlich von Hjälmaren Umeå - Hafenstadt an der Ostsee, Mündung des Flusses Ume älv Luleå - Hafenstadt an der Ostsee, Mündung des Flusses Lule älv Kiruna - Eisenerzbergbaustadt im äußersten Norden, flächenmäßig die zweitgrößte Kommune der Welt Sundsvall - Hafenstadt an der Ostsee Tärnaby - Dorf beim Fluss Umeälv, nicht weit von der norwegischen Grenze Skellefteå - Hafenstadt an der Ostsee Hudiksvall - Hafenstadt an der Ostsee Gävle - Hafenstadt an der Ostsee, Eisenbahnmuseum Jokkmokk Gällivare Växjö - Stadt in Småland und Zentrum der großen Auswandererwellen im 19. Jahrhundert (Auswanderermuseum) sowie des Glasreiches Ystad - ganz im Süden, Fähre nach Swinemünde in Polen Trelleborg - südlichste Stadt Schwedens, Fährverbindungen nach Deutschland (Travemünde, Rostock) Bornholm und Polen Obwohl einst Großmacht und im 17. Jahrhundert drei mal so groß wie heute, hat sich Schweden seit fast 200 Jahren an keinem Krieg mehr beteiligt. Es versucht, seine Neutralität zu bewahren und gilt als Vorreiter für Friedensinitiativen. Seit dem Eintritt in die Europäische Union sind, durch eine Gesetzgebung, die Neutralität bzw. die Allianzunabhängigkeit formell abgeschafft, was aber sogar nicht bei allen Schweden bekannt ist. Schweden ist, wie Finnland, kein NATO-Mitglied. Über die Grenzen hinaus bekannt geworden sind Politiker wie Dag Hammarsköld, Olof Palme, Hans Blix (IANA, UNMOVIC) und Anna Lindh. Das Land besitzt einen großen Anteil an Ausländern, die sich meist in Vororten niedergelassen haben. Schweden ist eine konstitutionelle Monarchie; der König Carl XVI Gustaf besitzt keine Exekutivrechte. Eine lange Tradition besitzt die Lutherische Kirche, jedoch spielt diese in der stark atheistisch geprägten Gesellschaft nur noch eine untergeordnete Rolle. Schweden hat mit Erfolg ein eigenes Wirtschaftsmodell entwickelt, den ""Wohlfahrtsstaat"", der auch in andere Länder exportiert wurde. Seit den 1990er Jahren musste dieses System jedoch verstärkt an die veränderten Rahmenbedingungen, die die zunehmende Globalisierung hervorbrachte, angepasst werden. Die Arbeitslosenquote zählt mit etwa 4 % zu den niedrigsten in Europa. Schweden trat 1995 der Europäischen Union bei, entschied jedoch in einem Referendum 2003, den Euro nicht einzuführen. Die Politik des 20. Jahrhunderts war vorwiegend von den Sozialdemokraten bestimmt. Die hier gemachten Angaben eintstammen keinen Lexikon "
146,seyvillas.com," Seychellen Spezialist – Inselhopping Seychellen Urlaub in Hotels & Villen - Seyvillas.com Your browser blocks some 3rd party cookies by default. By clicking on this page you allow our partner Criteo to place its cookies and serve personalized ads. You can read more or disable Criteo ads here. This notice only appears once. About Criteo Cookies Collapse Please choose your language: DeutschEnglishItalianoFrançais x + - Direktflüge nach Mahé (SEZ) x Täglich fliegen mehrere Airlines mit Zwischenstopp auf die Seychellen.Hier finden Sie alle Direktflug Möglichkeiten im Überblick. Flughafen Airline Hinflug Rückflug Frankfurt (FRA) Condor Fr. Sa. Wien (VIE) Austrian Airlines Mi.* Do.* *ab Oktober 2017 Direktflug Dezember 2017MoDiMiDoFrSaSo27282930123456789101112131415161718192021222324252627282930311234567Januar 2018MoDiMiDoFrSaSo123456789101112131415161718192021222324252627282930311234567891011Februar 2018MoDiMiDoFrSaSo293031123456789101112131415161718192021222324252627281234567891011März 2018MoDiMiDoFrSaSo2627281234567891011121314151617181920212223242526272829303112345678April 2018MoDiMiDoFrSaSo262728293031123456789101112131415161718192021222324252627282930123456Mai 2018MoDiMiDoFrSaSo301234567891011121314151617181920212223242526272829303112345678910Juni 2018MoDiMiDoFrSaSo2829303112345678910111213141516171819202122232425262728293012345678Juli 2018MoDiMiDoFrSaSo2526272829301234567891011121314151617181920212223242526272829303112345August 2018MoDiMiDoFrSaSo303112345678910111213141516171819202122232425262728293031123456789September 2018MoDiMiDoFrSaSo27282930311234567891011121314151617181920212223242526272829301234567Oktober 2018MoDiMiDoFrSaSo123456789101112131415161718192021222324252627282930311234567891011November 2018MoDiMiDoFrSaSo293031123456789101112131415161718192021222324252627282930123456789Dezember 2018MoDiMiDoFrSaSo262728293012345678910111213141516171819202122232425262728293031123456 Schließen Übernehmen Home FAQ Über uns Kundenbewertungen Kontakt Reiseführer Strände Reiseberichte DE | IT | EN | FR Beratung & Buchung Mo-Do: 10-18 Uhr · Fr: 10-16 Uhr 0521-44818610 Mahé Praslin CERF La Digue Weitere Inseln Yacht Komplettpakete MeinInselhopping Individueller Seychellen Urlaub Wir bieten Ihnen ein komplettes Inselhopping Erlebnis. 1463 Bewertungen und 97% zufriedene Kunden Flüge + Inseln + Unterkünfte Neu! Inselhopping Konfigurator Zum Beispiel: 3 traumhafte Inseln 14 Tage Flüge & Transfers ab 1600 €970 € / Person Starte Inselhopping Wie funktioniert´s? Video: 10 gute Urlaubsgründe Die Strände der Seychellen Top 10 Strände Mahé, Praslin, La Digue, Cerf Weitere Inseln Flitterwochen & Hochzeit Organisierte Hochzeiten Flitterwochen & Hochzeitstag Hochzeitsbilder Reiseinfos und Tipps Beste Reisezeit u. Klima Transfer vor Ort Reiseberichte Zeitraumsuche Insel Alle Inseln Mahé Praslin Cerf Island La Digue Weitere Inseln Anreise Abreise Reset Nach Typ Alle Unterkünfte (221) Hotel/Resort (60) Small Hotel (7) Guesthouse (43) Villa (37) Appartement (62) Yacht (12) Inselhopping-Pakete Nach Grösse Alle Grössen (221) 1 Person (101) 2 Personen (210) 3 Personen (63) 4 Personen (107) 6 Personen (42) 8 Personen & mehr (21) Nach Preis Alle Preisklassen (221) bis 100 € (56) 100-150 € (103) 150-300 € (143) 300-500 € (64) 500 € und mehr (41) Nach Verpflegung Alle Verpflegungen (221) Selbstverpflegung (110) mit Frühstück (138) mit Halbpension (81) mit Vollpension (39) Beratung & Buchung 0521-44818610 Mo-Do: 10-18 Uhr · Fr: 10-16 Uhr Kontaktformular Häufige Fragen E-Mail-Kontakt Hotel L'Archipel Hotel · Praslin · Karte 4.5 von 5 606 Bewertungen Zimmer: 35 Pers.: 1 - 2 Verpfl.: ÜF, HP Strände: 40 m Superior Zimmer Für 2 Personen / Nacht 237 € 237 - 378 € 378 Leistung: ÜF 7 Zimmerkategorien Sonderangebote Details Zimmerkategorie Pers. Größe Preis / Nacht Deluxe Zimmer 1 60 m2 240 € 240 - 386 € 386 Deluxe Zimmer 2 60 m2 267 € 267 - 420 € 420 Senior Suite 1 65 m2 260 € 260 - 416 € 416 Senior Suite 2 65 m2 285 € 285 - 452 € 452 Family Suite 2 120 m2 391 € 391 - 566 € 566 Superior Zimmer 1 60 m2 211 € 211 - 341 € 341 Superior Zimmer 2 60 m2 237 € 237 - 378 € 378 Rabatte & Angebote* Flitterwochen und Hochzeitsjubiläum - Sie sparen 25% Gültig in der Reisezeit: 01.11.2017 - 31.10.2018 Nicht gültig in der Reisezeit: 24.12.2017 - 05.01.2018 Mindestaufenthalt: 3 Nächte im gültigen Reisezeitraum Gültig für Hochzeitsreisende und alle Hochzeitsjubiläen im 5-Jahresintervall Frühbucherrabatt - Sie erhalten einen Rabatt von 10% bei Buchungen bis 30 Tage vor Reiseantritt Gültig in der Reisezeit: 01.11.2017 - 31.10.2018 Nicht gültig in der Reisezeit: 24.12.2017 - 05.01.2018 Mindestaufenthalt: 3 Nächte im gültigen Reisezeitraum Stay-Pay-Angebot 5:4 - mind. 5 Nächte bleiben, 4 Nächte bezahlen Gültig in der Reisezeit: 01.02.2018 - 31.10.2018 Stay-Pay-Angebot 4:3 - mind. 4 Nächte bleiben, 3 Nächte bezahlen Gültig in der Reisezeit: 01.11.2017 - 23.12.2017, 06.01.2018 - 31.01.2018 Familien-Angebot (Nur gültig mit Frühstück): Bis zu 2 Kinder (3-11) können kostenlos in der Family Suite übernachten, wenn sie mit 2 Erwachsenen das Zimmer teilen. *Mindestaufenthalt: 3 Nächte *Angebot nicht gültig vom 24.12.2017 - 05.01.2018 *Bis zum 31.10.2017 kann dieses Angebot mit dem Frühbucherrabatt kombiniert werden Das Stay-Pay-Angebot und der Frühbucherrabatt sind auch für das Extrabett gültig. *Rabatte werden automatisch im Gesamtpreis berechnet Tropical Hideaway Appartement · Mahé · Karte 5 von 5 13 Bewertungen Zimmer: 6 Pers.: 2 - 4 Verpfl.: Ü Strände: 650 m Appartement Für 2 Personen / Nacht 130 € 130 - 175 € 175 Leistung: Ü 2 Zimmerkategorien Sonderangebote Details Zimmerkategorie Pers. Größe Preis / Nacht Appartement 2 152 m2 130 € 130 - 175 € 175 Appartement 4 152 m2 160 € 160 - 205 € 205 Rabatte & Angebote* Sonderangebot - Sie sparen 20€ pro Nacht Gültig in der Reisezeit: 01.05.2018 - 30.06.2018, 01.09.2018 - 30.09.2018 Mindestaufenthalt: 3 Nächte im gültigen Reisezeitraum *Rabatte werden automatisch im Gesamtpreis berechnet Le Domaine de L'Orangeraie Hotel · La Digue · Karte 4.5 von 5 1822 Bewertungen Zimmer: 63 Pers.: 1 - 2 Verpfl.: ÜF, HP Strände: 50 m Family Garden Residence Für 2 Personen / Nacht 384 € 384 - 525 € 525 Leistung: ÜF 8 Zimmerkategorien Sonderangebote Details Zimmerkategorie Pers. Größe Preis / Nacht Garden Villa 1 70 m2 367 € 367 - 470 € 470 Garden Villa 2 70 m2 387 € 387 - 490 € 490 Villa de Charme 1 70 m2 413 € 413 - 550 € 550 Villa de Charme 2 70 m2 430 € 430 - 570 € 570 Villa de Charme (Elégance) 1 90 m2 563 € 563 - 730 € 730 Villa de Charme (Elégance) 2 90 m2 580 € 580 - 750 € 750 Family Garden Residence 2 100 m2 384 € 384 - 525 € 525 Presidential Villa 2 485 m2 1.542 € 1.542 - 2.550 € 2.550 Rabatte & Angebote* Stay-Pay-Angebot 12:10 - mind. 12 Nächte bleiben, 10 Nächte bezahlen Gültig in der Reisezeit: 01.11.2017 - 31.10.2018 Gilt nicht für alle Zimmerkategorien Stay-Pay-Angebot 7:6 - mind. 7 Nächte bleiben, 6 Nächte bezahlen Gültig in der Reisezeit: 01.11.2017 - 31.10.2018 Gilt nicht für alle Zimmerkategorien Halbpension-Upgrade Presidential Villa - Sie sparen 100% Gültig in der Reisezeit: 21.01.2016 - 31.10.2018 Gilt nicht für alle Zimmerkategorien Nur bei Halbpension Eden Rock Spa-Special: ab dem 1. November können Sie von einem Rabatt von 12% profitieren, sofern Sie Ihre Spa-Behandlung gleichzeitig mit der Unterkunft buchen. Zögern Sie nicht, nach weiteren Informationen zu fragen! *Rabatte werden automatisch im Gesamtpreis berechnet Villa Saint Sauveur Villa · Praslin · Karte Zimmer: 1 Pers.: 2 - 8 Verpfl.: Ü Strände: 10 m Villa Für 2 Personen / Nacht 135 € 135 - 250 € 250 Leistung: Ü 4 Zimmerkategorien Details Zimmerkategorie Pers. Größe Preis / Nacht Villa 2 238 m2 135 € 135 - 250 € 250 Villa 4 238 m2 225 € 225 - 340 € 340 Villa 6 238 m2 315 € 315 - 430 € 430 Villa 8 238 m2 405 € 405 - 520 € 520 *Rabatte werden automatisch im Gesamtpreis berechnet VPM Cocktail Créole Yacht · Seychellen Kabinen: 18 Pers.: 1 - 2 Dauer: 7 Nächte Abfahrt: samstags Doppelkabine Für 2 Personen / Nacht 257 € 257 - 417 € 417 Leistung: VP 2 Kabinenkategorien Sonderangebote Details Kabinenkategorie Pers. Größe Preis / Nacht Doppelkabine 1 5 m2 252 € 252 - 292 € 292 Doppelkabine 2 5 m2 257 € 257 - 417 € 417 Rabatte & Angebote* Last-Minute-Angebot - Sie sparen 160€ pro Nacht Gültig in der Reisezeit: 23.12.2017 - 30.12.2017 Gilt nicht für alle Zimmerkategorien Last-Minute-Angebot - Sie sparen 74€ pro Nacht Gültig in der Reisezeit: 30.12.2017 - 06.01.2018, 06.01.2018 - 13.01.2018, 13.01.2018 - 20.01.2018 Gilt nicht für alle Zimmerkategorien *Rabatte werden automatisch im Gesamtpreis berechnet Grann Kaz Guesthouse · Mahé · Karte 5 von 5 4 Bewertungen Zimmer: 6 Pers.: 1 - 3 Verpfl.: Ü, ÜF Strände: 400 m Standard Appartement Für 2 Personen / Nacht 105 € 105 Leistung: Ü 4 Zimmerkategorien Details Zimmerkategorie Pers. Größe Preis / Nacht Standard Appartement 1 65 m2 80 € 80 Standard Appartement 2 65 m2 105 € 105 Superior Appartement 3 85 m2 125 € 125 Deluxe Appartement 3 92 m2 135 € 135 *Rabatte werden automatisch im Gesamtpreis berechnet Alphonse Island Seychelles Resort · Alphonse Island · Karte 5 von 5 62 Bewertungen Zimmer: 52 Pers.: 1 - 2 Verpfl.: VP Strände: 5 m Beach Bungalow Für 2 Personen / Nacht 920 € 920 - 1.379 € 1.379 Leistung: VP 8 Zimmerkategorien Sonderangebote Details Zimmerkategorie Pers. Größe Preis / Nacht Beach Bungalow 1 54 m2 522 € 522 - 782 € 782 Beach Bungalow 2 54 m2 920 € 920 - 1.379 € 1.379 Beach Suite 1 126 m2 766 € 766 - 1.148 € 1.148 Beach Suite 2 126 m2 1.164 € 1.164 - 1.746 € 1.746 Beach Bungalow Fly Fishing 1 54 m2 850 € 850 - 1.275 € 1.275 Beach Bungalow Fly Fishing 2 54 m2 1.700 € 1.700 - 2.550 € 2.550 Beach Suite Fly Fishing 1 126 m2 1.236 € 1.236 - 1.854 € 1.854 Beach Suite Fly Fishing 2 126 m2 2.050 € 2.050 - 3.075 € 3.075 Rabatte & Angebote* Stay-Pay-Angebot 4:3 - mind. 4 Nächte bleiben, 3 Nächte bezahlen Gültig in der Reisezeit: 23.12.2017 - 27.12.2017 Gilt nicht für alle Zimmerkategorien Stay-Pay-Angebot 7:5 - mind. 7 Nächte bleiben, 5 Nächte bezahlen Gültig in der Reisezeit: 03.01.2018 - 06.01.2018 Stay-Pay-Angebot 4:3 - mind. 4 Nächte bleiben, 3 Nächte bezahlen Gültig in der Reisezeit: 03.01.2018 - 06.01.2018 Stay-Pay-Angebot 3:2 - mind. 3 Nächte bleiben, 2 Nächte bezahlen Gültig in der Reisezeit: 03.01.2018 - 06.01.2018 Flitterwochen-Rabatt - Sie sparen 15% Gültig in der Reisezeit: 01.11.2016 - 30.05.2018 Gilt nicht für alle Zimmerkategorien Frühbucherrabatt: Kann nicht in Verbindung mit anderen Angeboten wie Flitterwochen-Angebot oder 'Fliegenfischen' verwendet werden. Stay-Pay-Angebot 4:3 beinhaltet: -Eine Flasche Wein -Eine Paar-Massage-Behandlung im Azure Spa -Termingebundene, gemeinschaftliche Exkursionen -Ein Flat Lunch -Eine Schnorchel-Tour und vieles mehr (für weitere Information, sprechen Sie bitte unser Sales Team an) *Nicht mit anderen Angeboten kombinierbar *Buchbar in Kombination mit den Zimmerkategorien Beach Bungalow & Beach Suite *Gültig in der Reisezeit: 23.12.2017 - 27.12.2017 *Rabatte werden automatisch im Gesamtpreis berechnet Clef des Iles Guesthouse · Mahé · Karte 4.5 von 5 139 Bewertungen Zimmer: 4 Pers.: 1 - 4 Verpfl.: Ü, ÜF Strände: 1 m Strand-Duplex mit 2 Schlafzimmern Für 2 Personen / Nacht 240 € 240 - 280 € 280 Leistung: Ü 3 Zimmerkategorien Sonderangebote Details Zimmerkategorie Pers. Größe Preis / Nacht Strand-Duplex mit 2 Schlafzimmern 1 120 m2 238 € 238 Strand-Duplex mit 2 Schlafzimmern 2 120 m2 240 € 240 - 280 € 280 Strand-Duplex mit 2 Schlafzimmern 4 120 m2 405 € 405 - 420 € 420 Rabatte & Angebote* Long-Stay-Angebot - Sie sparen 35€ pro Nacht Gültig in der Reisezeit: 01.01.2016 - 31.12.2018 Mindestaufenthalt: 15 Nächte im gültigen Reisezeitraum Gilt nicht für alle Zimmerkategorien Long-Stay-Angebot - Sie sparen 20€ pro Nacht Gültig in der Reisezeit: 01.01.2016 - 31.12.2018 Mindestaufenthalt: 7 Nächte im gültigen Reisezeitraum Gilt nicht für alle Zimmerkategorien *Rabatte werden automatisch im Gesamtpreis berechnet Villas de Mer Hotel · Praslin · Karte 4 von 5 170 Bewertungen Zimmer: 12 Pers.: 1 - 4 Verpfl.: ÜF, HP Strände: 25 m Superior Zimmer Für 2 Personen / Nacht 152 € 152 - 202 € 202 Leistung: ÜF 6 Zimmerkategorien Sonderangebote Details Zimmerkategorie Pers. Größe Preis / Nacht Superior Zimmer 1 28 m2 144 € 144 - 191 € 191 Superior Zimmer 2 28 m2 152 € 152 - 202 € 202 Superior Zimmer 3 28 m2 213 € 213 - 284 € 284 Junior Suite 2 63 m2 183 € 183 - 244 € 244 Junior Suite 3 63 m2 255 € 255 - 339 € 339 Junior Suite 4 63 m2 285 € 285 - 379 € 379 Rabatte & Angebote* Flitterwochen-Rabatt - Sie sparen 25% Gültig in der Reisezeit: 01.11.2017 - 31.10.2018 Nicht gültig in der Reisezeit: 22.12.2017 - 05.01.2018 Mindestaufenthalt: 4 Nächte im gültigen Reisezeitraum Gilt nicht für alle Zimmerkategorien Stay-Pay-Angebot 14:11 - mind. 14 Nächte bleiben, 11 Nächte bezahlen Gültig in der Reisezeit: 06.01.2016 - 31.10.2018 Nicht gültig in der Reisezeit: 22.12.2017 - 05.01.2018 Stay-Pay-Angebot 4:3 - mind. 4 Nächte bleiben, 3 Nächte bezahlen Gültig in der Reisezeit: 06.01.2016 - 31.10.2018 Nicht gültig in der Reisezeit: 22.12.2017 - 05.01.2018 *Rabatte werden automatisch im Gesamtpreis berechnet Le Duc de Praslin Hotel · Praslin · Karte 4.5 von 5 1044 Bewertungen Zimmer: 33 Pers.: 1 - 6 Verpfl.: ÜF, HP Strände: 40 m Standard Zimmer Für 2 Personen / Nacht 249 € 249 - 375 € 375 Leistung: ÜF 10 Zimmerkategorien Sonderangebote Details Zimmerkategorie Pers. Größe Preis / Nacht Standard Zimmer 1 50 m2 207 € 207 - 310 € 310 Standard Zimmer 2 50 m2 249 € 249 - 375 € 375 Standard Zimmer 3 50 m2 308 € 308 - 460 € 460 Superior Zimmer 1 64 m2 217 € 217 - 320 € 320 Superior Zimmer 2 64 m2 273 € 273 - 410 € 410 Superior Zimmer 3 64 m2 322 € 322 - 480 € 480 2-Schlafzimmer Family Suite 4 140 m2 368 € 368 - 540 € 540 2-Schlafzimmer Family Suite 6 140 m2 403 € 403 - 590 € 590 1-Schlafzimmer Family Suite 4 100 m2 322 € 322 - 460 € 460 Honeymoon Suite 2 75 m2 322 € 322 - 480 € 480 Rabatte & Angebote* Stay-Pay-Angebot 15:12 - mind. 15 Nächte bleiben, 12 Nächte bezahlen Gültig in der Reisezeit: 01.11.2017 - 31.10.2018 Stay-Pay-Angebot 11:9 - mind. 11 Nächte bleiben, 9 Nächte bezahlen Gültig in der Reisezeit: 01.11.2017 - 31.10.2018 Stay-Pay-Angebot 7:6 - mind. 7 Nächte bleiben, 6 Nächte bezahlen Gültig in der Reisezeit: 01.11.2017 - 31.10.2018 Stay-Pay-Angebot 10:7 - mind. 10 Nächte bleiben, 7 Nächte bezahlen Gültig in der Reisezeit: 01.11.2017 - 22.12.2017, 08.01.2018 - 25.02.2018, 05.05.2018 - 10.07.2018 Stay-Pay-Angebot 7:5 - mind. 7 Nächte bleiben, 5 Nächte bezahlen Gültig in der Reisezeit: 01.11.2017 - 22.12.2017, 08.01.2018 - 25.02.2018, 05.05.2018 - 10.07.2018 Stay-Pay-Angebot 5:4 - mind. 5 Nächte bleiben, 4 Nächte bezahlen Gültig in der Reisezeit: 01.11.2017 - 22.12.2017, 08.01.2018 - 25.02.2018, 05.05.2018 - 10.07.2018 Frühbucherrabatt - Sie erhalten einen Rabatt von 10% bei Buchungen bis 90 Tage vor Reiseantritt Gültig in der Reisezeit: 01.11.2016 - 31.10.2018 Mindestaufenthalt: 3 Nächte im gültigen Reisezeitraum Last-Minute-Angebot - 20% Rabatt auf Buchungen, die innerhalb von 10 Tagen vor Anreisedatum getätigt werden Gültig in der Reisezeit: 01.11.2015 - 31.10.2018 Angebot für Kinder: Bei Buchung von Halbpension der Eltern erhalten Kinder ebenfalls ein kostenloses Abendessen. *Das Angebot ist gültig für Kinder von 0 bis 18 Jahren, die sich ein Zimmer mit Erwachsenen teilen *Ganzjährig gültig (außer vom 23.12.2017 bis zum 07.01.2018) *Rabatte werden automatisch im Gesamtpreis berechnet Villas du Voyageur Guesthouse · Praslin · Karte 5 von 5 52 Bewertungen Zimmer: 2 Pers.: 2 - 4 Verpfl.: Ü, ÜF Strände: 20 m Appartement Job Für 2 Personen / Nacht 190 € 190 Leistung: Ü 6 Zimmerkategorien Details Zimmerkategorie Pers. Größe Preis / Nacht Appartement Bourgois 2 98 m2 190 € 190 Appartement Bourgois 3 98 m2 215 € 215 - 245 € 245 Appartement Bourgois 4 98 m2 245 € 245 - 255 € 255 Appartement Job 2 98 m2 190 € 190 Appartement Job 3 98 m2 215 € 215 - 245 € 245 Appartement Job 4 98 m2 245 € 245 - 255 € 255 *Rabatte werden automatisch im Gesamtpreis berechnet Silhouette Sea Star & Sea Bird Yacht · Seychellen · Karte Kabinen: 9 Pers.: 1 - 3 Dauer: 7 Nächte Abfahrt: samstags Doppelkabine Für 2 Personen / Nacht 419 € 419 - 664 € 664 Leistung: VP 3 Kabinenkategorien Sonderangebote Details Kabinenkategorie Pers. Größe Preis / Nacht Doppelkabine 1 10 m2 314 € 314 - 498 € 498 Doppelkabine 2 10 m2 419 € 419 - 664 € 664 Dreibettkabine 3 11 m2 579 € 579 - 918 € 918 Rabatte & Angebote* Frühbucherrabatt - Sie erhalten einen Rabatt von 10% bei Buchungen bis 120 Tage vor Reiseantritt Gültig in der Reisezeit: 01.11.2014 - 02.11.2018 Flitterwochen-Rabatt - Sie sparen 10% Gültig in der Reisezeit: 01.11.2014 - 02.11.2018 Stammgäste erhalten einen Rabatt von 20%. *Rabatte werden automatisch im Gesamtpreis berechnet Tropical Sanctuary Villa · Cerf Island · Karte Zimmer: 5 Pers.: 2 - 6 Verpfl.: ÜF Strände: 10 m Doppelzimmer in der Hauptvilla Für 2 Personen / Nacht 150 € 150 - 200 € 200 Leistung: ÜF 4 Zimmerkategorien Sonderangebote Details Zimmerkategorie Pers. Größe Preis / Nacht Villa mit Meerblick 4 100 m2 263 € 263 - 350 € 350 Familiensuite und Doppelzimmer 6 150 m2 329 € 329 - 438 € 438 Doppelzimmer in der Hauptvilla 2 40 m2 150 € 150 - 200 € 200 Familiensuite in der Hauptvilla 4 60 m2 216 € 216 - 288 € 288 Rabatte & Angebote* Stay-Pay-Flitterwochen-Angebot 4:3 - mind. 4 Nächte bleiben, 3 Nächte bezahlen Gültig in der Reisezeit: 01.01.2017 - 31.12.2018 Stay-Pay-Angebot 7:6 - mind. 7 Nächte bleiben, 6 Nächte bezahlen Gültig in der Reisezeit: 01.05.2018 - 15.09.2018, 15.11.2018 - 15.12.2018 *Rabatte werden automatisch im Gesamtpreis berechnet L'Habitation Hotel · Cerf Island · Karte 4 von 5 187 Bewertungen Zimmer: 11 Pers.: 1 - 3 Verpfl.: ÜF, HP Strände: 25 m Superior Familienzimmer Für 2 Personen / Nacht 159 € 159 - 212 € 212 Leistung: ÜF 6 Zimmerkategorien Sonderangebote Details Zimmerkategorie Pers. Größe Preis / Nacht Standard Room 1 25 m2 151 € 151 - 201 € 201 Standard Room 2 25 m2 159 € 159 - 212 € 212 Standard Room 3 25 m2 192 € 192 - 256 € 256 Junior Suite 2 30 m2 195 € 195 - 260 € 260 Junior Suite 3 30 m2 221 € 221 - 294 € 294 Superior Familienzimmer 2 25 m2 159 € 159 - 212 € 212 Rabatte & Angebote* Sonderangebot - Sie sparen 10% Gültig in der Reisezeit: 20.01.2018 - 30.01.2018 Flitterwochen-Rabatt - Sie sparen 40€ pro Nacht Gültig in der Reisezeit: 01.11.2016 - 31.10.2018 Mindestaufenthalt: 3 Nächte im gültigen Reisezeitraum Gilt nicht für alle Zimmerkategorien Nur bei Halbpension Flitterwochen-Rabatt - Sie sparen 35€ pro Nacht Gültig in der Reisezeit: 01.11.2016 - 31.10.2018 Mindestaufenthalt: 3 Nächte im gültigen Reisezeitraum Gilt nicht für alle Zimmerkategorien Nur bei Halbpension Frühbucherrabatt - Sie erhalten einen Rabatt von 10% bei Buchungen bis 30 Tage vor Reiseantritt Gültig in der Reisezeit: 01.11.2017 - 31.12.2017 Flitterwochen-Rabatt - Sie sparen 27€ pro Nacht Gültig in der Reisezeit: 01.11.2016 - 31.10.2018 Mindestaufenthalt: 3 Nächte im gültigen Reisezeitraum Gilt nicht für alle Zimmerkategorien Nur bei Frühstück Flitterwochen-Rabatt - Sie sparen 32€ pro Nacht Gültig in der Reisezeit: 01.11.2016 - 31.10.2018 Mindestaufenthalt: 3 Nächte im gültigen Reisezeitraum Gilt nicht für alle Zimmerkategorien Nur bei Frühstück Stay-Pay-Angebot 14:11 - mind. 14 Nächte bleiben, 11 Nächte bezahlen Gültig in der Reisezeit: 01.11.2017 - 31.10.2018 Stay-Pay-Angebot 4:3 - mind. 4 Nächte bleiben, 3 Nächte bezahlen Gültig in der Reisezeit: 01.11.2017 - 31.10.2018 *Rabatte werden automatisch im Gesamtpreis berechnet Dhevatara Beach Hotel Hotel · Praslin · Karte 4.5 von 5 238 Bewertungen Zimmer: 11 Pers.: 2 - 5 Verpfl.: ÜF, HP, VP Strände: 2 m Standard Suite Für 2 Personen / Nacht 291 € 291 - 388 € 388 Leistung: ÜF 5 Zimmerkategorien Sonderangebote Details Zimmerkategorie Pers. Größe Preis / Nacht Suite mit Gartenblick 2 50 m2 318 € 318 - 424 € 424 Suite mit Meerblick 2 50 m2 405 € 405 - 540 € 540 Familien Suite 5 110 m2 897 € 897 - 1.196 € 1.196 Standard Suite 2 50 m2 291 € 291 - 388 € 388 Suite mit Poolblick 2 50 m2 363 € 363 - 484 € 484 Rabatte & Angebote* Sonderangebot - Sie sparen 25% Gültig in der Reisezeit: 06.01.2016 - 31.10.2018 Nicht gültig in der Reisezeit: 22.12.2017 - 05.01.2018 Mindestaufenthalt: 4 Nächte im gültigen Reisezeitraum *Rabatte werden automatisch im Gesamtpreis berechnet Enchanted Island Resort Resort · Round Island · Karte 4.5 von 5 184 Bewertungen Zimmer: 10 Pers.: 2 - 4 Verpfl.: ÜF, HP, VP Strände: 50 m Private Pool Villa Für 2 Personen / Nacht 722 € 722 - 1.738 € 1.738 Leistung: ÜF 2 Zimmerkategorien Sonderangebote Details Zimmerkategorie Pers. Größe Preis / Nacht Private Pool Villa 2 130 m2 722 € 722 - 1.738 € 1.738 Signature 2-Bedroom Villa 4 240 m2 1.247 € 1.247 - 2.488 € 2.488 Rabatte & Angebote* Sonderangebot - Sie sparen 10% Gültig in der Reisezeit: 01.09.2018 - 09.01.2019 Buchbar bis 30.11.2018 Sonderangebot - Sie sparen 15% Gültig in der Reisezeit: 01.05.2018 - 09.01.2019 Buchbar bis 31.08.2018 Sonderangebot - Sie sparen 20% Gültig in der Reisezeit: 01.02.2018 - 09.01.2019 Buchbar bis 30.04.2018 Sonderangebot - Sie sparen 287€ pro Nacht Gültig in der Reisezeit: 01.11.2017 - 25.12.2017 Gilt nicht für alle Zimmerkategorien Angebot für die 2-Schlafzimmer-Villa - Kostenloses Barbecue in der Villa; einmal pro Aufenthalt - 60-Minuten-Massage ""Adam & Eve""; einmal pro Person und Aufenthalt - Besondere Erinnerung des Resorts bei Abreise als Geschenk *Mindestaufenthalt: 3 Nächte *Das ganze Jahr über gültig *Kombinierbar mit dem Halbpension-Upgrade Bootstransfer (Ankunft/Abfahrt): Kostenloser Bootstransfer (abhängig von den Wetterbedingungen) bei einem Mindestaufenthalt von 3 Nächten. Täglicher Bootstransfer: Kostenfreier Bootstransfer (hin- und zurück) vom Enchanted Island Resort zur Anlegestelle des Wharf Hotels. Hinfahrt 9.30 Uhr und Rückkehr 16.00 Uhr. Sofern die Gäste einen Bootstransfer (hin und zurück) außerhalb der festgelegten Zeiten benötigen, wird eine Gebühr von 108€ pro Paar pro Weg berechnet. Das letzte Boot fährt von der Anlegestelle um 22 Uhr ab *Rabatte werden automatisch im Gesamtpreis berechnet Alle Unterkünfte anzeigen Individueller Urlaub auf den Seychellen Ihr Seychellen Urlaub soll ein einmaliges Erlebnis werden? Wir beraten Sie und stellen gemeinsam mit Ihnen ihr individuelles Traum-Reisepaket zusammen.Luxus muss nicht teuer sein! Wählen Sie Ihre Inseln, Unterkünfte & Aktivitäten, die Sie während Ihres Urlaubs besuchen wollen und wir erstellen Ihnen ihr maßgeschneidertes Inselhopping. Bewertungen über Seyvillas 4.6 von 5 Sternen Es gibt 1463 Erfahrungsberichte über Seyvillas Lassen Sie uns wissen, wie es Ihnen auf den Seychellen gefallen hat. 5 Sterne (1079) 4 Sterne (292) 3 Sterne (57) 2 Sterne (19) 1 Stern (16) Kundenvideos (108) Markus Mahé, Seychellen Daniela & Alex Praslin, Seychellen Dominik La Digue, Seychellen Alle Videos ansehen ★★★★★Andreas21.12.2017 15:34Reservierung hat sehr gut funktioniert. Rückfragen wurden umgehend beantwortet.Ausführliche BewertungUrlaub auf den Seychellen★★★★★Wunderschönes Urlaubsziel mit vielen schönen Stränden und freundlichen EinwohnernCabanes des Anges La Digue★★★★★Die Unterkunft hat unsere Erwartungen voll erfüllt. Sehr freundliche und hilfsbereite Mitarbeiter. Gute Lage. Sehr sauber. Empfehlenswert.Au Fond de Mer View Mahé★★★★★Auch diese Unterkunft hat unsere Erwartungen voll erfüllt. Sehr freundliche und hilfsbereite Eigentümer. Sehr sauber. Mietwagen auf Mahe empfehlenswert. Transfer★★★★★Alles hat problemlos funktioniert★★★★☆Veronika21.12.2017 11:05Das Team war stets freundlich und bemüht, alle meine Anliegen zu klären. Auf alle Fragen konnte eine Antwort gegeben werden und die Beratungen zu den einzelnen Gästehäusern waren sehr ehrlich, sodass auch mal von einem Gästehaus abgeraten wurde, obwohl es für uns zu den Favoriten zählte. Im Nachhinein waren alle Angaben korrekt und wir sind froh, auf Ihre Mitarbeiter gehört zu haben. Der einzige kleine negative Punkt war, dass ein Teil der Unterlagen nicht gesendet wurde und wir erst auf Nachfrage die PDF's erhalten haben. Ich persönlich würde es schön finden, wenn die Unterlagen per Post in einem schönen Umschlag kommen würden. Natürlich bedeutet das Porto, aber es macht doch einen guten Eindruck. Zudem macht es zusätzlich noch Vorfreude, wenn man es in der Post hat.Ausführliche BewertungUrlaub auf den Seychellen★★★★★Die Seychellen sind ein sehr schönes Reiseziel. Wir wollten keinen Strandurlaub, sondern die Inseln und die Einwohner erleben und das konnten wir auch. Kulinarisch war es nicht unser Highlight, aber das wussten wir im Voraus. Im Allgemeinen ist es schade, dass la Digue immer moderner werden möchte und immer mehr Autos fahren dürfen. Je mehr Autos kommen, je mehr die Strassen geteert werden und je mehr die Touristen alles in einem Tag erkunden können sollen, desto mehr verliert die Insel an Charme. Unsere schlimmste Touristenattraktion waren die Schildkröten im Union Estate Park. Man sieht auch so viele freilebende Schildkröten, diese im Park leben auf viel zu kleinem Raum. Mehr Infos zu unseren Eindrücken sind dem Reisebericht zu entnehmen, welchen ich Ihnen noch zukommen lasse.Le Surmer La Digue★★★☆☆Grundsätzlich ganz ok. Die Bungalows sind schön gelegen, man ist relativ zentral und trotzdem nicht ganz im Gewusel am Hafen. Die Küche ist jedoch gänzlich unbrauchbar. Man kann mit den Utensilien nicht kochen. Das Frühstücknwar für uns etwas lächerlich. Sie haben so viel Früchte um sich herum auf der Insel und man erhält ein, zwei davon, welche dann noch durch 4 geteilt werden müssen - unverständlich. Der Besitzer versteht einen entweder nicht oder kommuniziert einfach nicht gerne mit Menschen. Er hat uns jedenfalls die meiste Zeit ignoriert und eine andere Person haben wir selten angetroffen. Die Dusche braucht dringend einen neuen Duschkopf, dieser lässt fast kein Wasser durch (aber das ist eine Kleinigkeit). Positiv zu erwähnen sind die Handtuchtiere und die schönen Blumen im Zimmer.Clef des Iles Mahé★★★★★Das le Surmer liegt natürlich wunderbar direkt am Strand. Die Zimmer sind sehr liebevoll eingerichtet und man fühlt sich sehr wohl. Die Küche ist tatsächlich zum Kochen geeignet, was uns sehr gefreut hat. Die Reinigung ist sehr gründlich. Die Besitzer sind auf alle Wünsche eingegangen und waren immer hilfsbereit. Für uns, sehr hellhörige Personen, waren die Wellen ein Problem. Aber das ist kein Problem der Unterkunft, wir hätten sie uns nur nie so ""laut"" vorgestellt (aber das ist ein sehr individuelles Problem). Wir waren sehr positiv überzeugt von der Unterkunft. Hier würden wir wieder buchen. Transfer★★★★☆Wir haben es genossen, dass wir nach der langen Anreise nicht lang überlegen mussten und die Leute von Creole Travel uns immer in Empfang genommen haben. Allerdings haben sie dies eher gelangweilt getan, so als ob sie dies jetzt tun müssen und nicht wollen. War uns relativ egal, nur bei einer Bewertung beziehen wir diesen Aspekt natürlich mit ein. Ein Lob an die Mitarbeiterinnen im Hafen von Mahe. Sie haben sich sehr viel Mühe gegeben. Die Reiseleitung vor Ort auf La Digue war in Ordnung, sie konnte uns auch den Transfer noch umbuchen nach Mahe. Der einzige Punkt war, dass wir einen Schnorchelausflug gebucht haben, extra mit der Bitte, dass dies keine Massenabfertigung sein soll. Wir fanden uns dann auf dem Lone Wolf Charter wieder, was unserer Meinung nach eine Massenabfertigung ist. Die Personen vor Ort haben sich absolut Mühe gegeben, aber das ändert leider nichts an der Tatsache, dass man mit vielen anderen Personen auf dem Boot sitzt und die vorgegebene Route fährt. Auch eine Kleinigkeit, aber hier zu erwähnen. Die Reiseleitung von Mahe haben wir nie benötigt, die Besitzerin des Clef des Iles war immer mit Rat und Tat für uns da.★★★★★Martin18.12.2017 10:09alles hat einwandfrei geklappt und die Unterlagen waren sehr gut vorbereitet und die Tips hilfreichAusführliche BewertungUrlaub auf den Seychellen★★★★★ein wunderbares Reisziel, nette, entspannte und hilfsbereite Menschen, tolle Strände, klares Wasser zum Schnorcheln, aber auch im Inlad jede Menge Möglichkeiten sich zu bewegen...Takamaka Beach Villas Cerf Island★★★★★sehr nette Gastgeberin, Essen konnten wir im nahe gelegenen Hotel, sehr schönes Schnorchelrevier direkt 20 Meter vom Haus entfert...Sea View Lodge Praslin★★★★☆schöne Unterkunft, allerdings waren wir bei der Buchung davon ausgegangen, dass wir ein Haus alleine bewohnen, hatten aber andere Urlauber über uns. Für das Frühstück und Abendessen gibt es einen Roomservice, man ist also auf der eigenen Terrasse/BalkonLe Repaire Boutique Hotel La Digue★★★★★sehr saubere und moderne Zimmer, hervorragendes Essen, nur die Fahrräder sind in einem Zustand, der nicht zum Haus passt. Schnorcheln nicht optimal, da das Wasser sehr flach ist und man erst recht weit rausschwimmen muss. Dafür konnten man aber super am Strand sitzen und auch den Service dort genießen, sehr nettes Personal.Valmer Resort Mahé★★★★★tolle Unterkünfte, leider aber sehr hellhörig. Hervorragendes Frühstück und Abendessen, nettes Personal und einen schönen Pool auf der Restaurantebene, von dem man relaxt auf das Meer schauen kann.Transfer★★★★★prima organisiert, Creole Team war immer vor Ort. Nur der Mietwagen war bei der Ankunft auf Mahe´nicht da, wurde aber umgehend organisiert und 30 Minuten später konnten wir losfahren. Alle Bewertungen ansehen! Beratung & Buchung:Mo-Do: 10-18 Uhr · Fr: 10-16 Uhr 0521-44818610 Partnered with the Seychelles Tourism Board DE | IT | EN | FR ©2017 Fincallorca GmbH · Reisebedingungen Inselhopping Yachting · Mietwagen SeySocial Flitterwochen & Hochzeitstag Hochzeiten Mahé · Praslin La Digue Cerf Island Bird · Denis Weitere Inseln Reiseinfos Warum Seychellen Facebook · YouTube Reiseagenturen hotel owners Kontakt Über uns Presse Impressum Datenschutz "
147,shakk.de," Deutschlands Hip Hop Klamotten Shop Discounter | shakk.de Gut4.44/5.00Zertifiziert seit 13.01.2017×Zertifizierter Shop Um shakk.de in vollem Umfang nutzen zu können, empfehlen wir Ihnen Javascript in Ihrem Browser zu aktiveren. Wunschlisten | Mein Konto | SERVICE HOTLINE: 0203-87844306 Menü Suchen Suchen Mein Konto Warenkorb 0 Total 0,00 € * 0,00 € * Brandneu Hosen Jeans T-Shirts Hoodies Jacken Headwear Accessoires Schuhe Girls Brands Kinder Kleidung Topseller Adventskalender Top-Hits unter 25 Euro Brandneu Hosen Jeans T-Shirts Hoodies Jacken Headwear Accessoires Schuhe Girls Campaigns Brands Zur Kategorie Brandneu Kinder Kleidung Topseller Adventskalender Top-Hits unter 25 Euro Brandneu Hosen Jeans T-Shirts Hoodies Jacken Headwear Accessoires Schuhe Girls Campaigns Brands Zur Kategorie Hosen Chinos Jogginghosen Shorts Bade Shorts Kids Pants Kinder Kleidung Topseller Adventskalender Top-Hits unter 25 Euro Brandneu Hosen Jeans T-Shirts Hoodies Jacken Headwear Accessoires Schuhe Girls Campaigns Brands Zur Kategorie Jeans Baggys Loose Fit Straight Fit Antifit Skinny Slim Fit Kids Jeans Kinder Kleidung Topseller Adventskalender Top-Hits unter 25 Euro Brandneu Hosen Jeans T-Shirts Hoodies Jacken Headwear Accessoires Schuhe Girls Campaigns Brands Zur Kategorie T-Shirts T-Shirts Tank Tops Tall Tees Longsleeves Polos Shirts Kids T-Shirts Kinder Kleidung Topseller Adventskalender Top-Hits unter 25 Euro Brandneu Hosen Jeans T-Shirts Hoodies Jacken Headwear Accessoires Schuhe Girls Campaigns Brands Zur Kategorie Hoodies Hoodies Zip Hoodies Sweater Sweatsuits Kids Hoodies Kinder Kleidung Topseller Adventskalender Top-Hits unter 25 Euro Brandneu Hosen Jeans T-Shirts Hoodies Jacken Headwear Accessoires Schuhe Girls Campaigns Brands Zur Kategorie Jacken Bomber Jacken Winterjacken Jacken Windbreaker Track Jackets College Jacken Westen Casual Jacken Kids Jackets Kinder Kleidung Topseller Adventskalender Top-Hits unter 25 Euro Brandneu Hosen Jeans T-Shirts Hoodies Jacken Headwear Accessoires Schuhe Girls Campaigns Brands Zur Kategorie Headwear Fitted 5 Panel Baseball Caps Trucker Caps Caps Beanies Hats Durags Kids Headwear Snapbacks Kinder Kleidung Topseller Adventskalender Top-Hits unter 25 Euro Brandneu Hosen Jeans T-Shirts Hoodies Jacken Headwear Accessoires Schuhe Girls Campaigns Brands Zur Kategorie Accessoires Schmuck Gürtel Schals Uhren Geldbörsen Taschen Sonnenbrillen Kopfhörer Bandanas Handschuhe Underwear Sonstige Kinder Kleidung Topseller Adventskalender Top-Hits unter 25 Euro Brandneu Hosen Jeans T-Shirts Hoodies Jacken Headwear Accessoires Schuhe Girls Campaigns Brands Zur Kategorie Schuhe Sneakers Flip Flops Shoelaces Socken Boots Winterschuhe Kinder Kleidung Topseller Adventskalender Top-Hits unter 25 Euro Brandneu Hosen Jeans T-Shirts Hoodies Jacken Headwear Accessoires Schuhe Girls Campaigns Brands Zur Kategorie Girls Tops Hoodies Jackets Jeans Pants Dresses Sneakers Accessories Winterschuhe Kinder Kleidung Topseller Adventskalender Top-Hits unter 25 Euro Brandneu Hosen Jeans T-Shirts Hoodies Jacken Headwear Accessoires Schuhe Girls Campaigns Brands Zur Kategorie Brands  Menü schließen Kategorien Kinder Kleidung Topseller Adventskalender Top-Hits unter 25 Euro Brandneu Hosen Jeans T-Shirts Hoodies Jacken Headwear Accessoires Schuhe Girls Campaigns Brands Informationen Größentabellen Lieferinformationen FAQ Versandkosten Zahlungsmöglichkeiten Impressum AGB 1 2 3 4 5 Hoodies Jacken Jeans Sneakers Service Hotline Telefonische Unterstützung und Beratung unter:Tel. 0203-87844306Mo-Fr von 08:00 - 14:00 Uhr Kontakt Kontakt Bestellhotline Kundenservice Feedback Umtausch / Widerrufsrecht FAQ Informationen Größentabellen Lieferinformationen Versandkosten Zahlungsmöglichkeiten Impressum AGB Datenschutz Zahlungsarten Social media Shakk GMBH · Konrad-Adenauer-Ring 9-13 · D-47167 Duisburg · service@shakk.de * Alle Preise inkl. gesetzl. Mehrwertsteuer zzgl. Versandkosten und ggf. Nachnahmegebühren, wenn nicht anders beschrieben Zertifikat prüfenKäuferschutzbedingungenAlle Bewertungen Impressum Datenschutz+Maximieren×SchließenGut4.44/5.00Zertifizierter ShopZertifikat prüfenKäuferschutzbedingungenAlle Bewertungen Impressum Datenschutz–Minimierenshakk.de×KäuferschutzSie können sich nach dem Einkauf für die kostenlose Trusted Shops Mitgliedschaft Basic anmelden, inkl. Käuferschutz bis je 100 € für den aktuellen Einkauf sowie für Ihre weiteren Einkäufe in deutschen Shops mit dem Trusted Shops Gütesiegel.Mit Trusted Shops PLUS (inkl. Garantie) werden Ihre Einkäufe sogar bis je 20.000 € durch den Käuferschutz (inkl. Garantie) abgesichert, für 9,90 € pro Jahr inkl. MwSt. bei einer Mindestvertragslaufzeit von 1 Jahr. Die Absicherungsdauer des Käuferschutzes pro Einkauf beträgt in beiden Fällen 30 Tage.Es gelten die Mitgliedschafts- und Käuferschutzbedingungen.Zertifiziertseit 13.01.2017Käuferschutzbis zu 20.000 €×KundenbewertungenDie Note „Gut“ berechnet sich aus den 130 Trusted Shops Bewertungen der letzten 12 Monate, die im Bewertungsprofil eingesehen werden können.130KundenbewertungenGut4.44/5.0011.12.2017Alles perfekt25.05.2017Die Ware so wie Abgebildet geliefert. Der Versand erfolgte schnell. Wie sind mit der Ware zufrieden.23.04.2017Sehr gute Sachen vorhanden und gute Qualität wie immer ...PS es Were schön das es wieder Schmuck vorhanden were Mit mit freundlichen GrüßenGrüßen jovanovic-andyPowered byPicreel"
148,shoppingpoint24.com," Sehr gut4.52/5.00Zertifiziert seit 19.09.2008×Zertifizierter Shop Startseite Navigation (open) Baumarkt (open) Technik & Werkzeug Heizen, Klima & Ventilatoren Elektro-Installation Handwerkzeuge Hydraulik Werkstatt Kühlmittel & Schmierstoffe Großmaschinen Baustellenausstattung Reinigungsmaschinen Betriebsausstattung Elektrowerkzeuge Schweißgeräte & Zubehör (open) Rund um's Auto Parken Absperrpfosten & Bänder Autozubehör Rampen & Auffahrschienen Reiniger & Frostschutz Eiskratzer (open) Tierbedarf Futternäpfe Tierbedarfzubehör Transportboxen, Kissen & Körbchen Hundeleinen & Spielzeug Vogelhauszubehör (open) Bad & Sanitär Dusch & Badewannen Brausen & Duschsysteme Sanitärinstallation WC Badmöbel Badarmaturen (open) Baustoffe Zement & Mörtel (open) Wohnen Kamine & Öfen Schimmelentfernung Warmwassergeräte rund ums Fenster Haushalt Gitterrost Aufbewahrung & Ordnung Renovierung Lampen & Leuchten Möbelgriffe Sicherheit & Haustechnik Seile (open) Rohre & Schläuche Rohrreinigung Schläuche Rohre Rohrabschneider Rohrbefestigung (open) Eisenwaren & Beschläge Unterlegscheiben & Ringe Möbeltechnik Splinte Nägel & Haken Eisendraht Schlüssel & Schlüsselanhänger Nieten Dübel Führungsbuchsen Holzbeschläge Klemmen & Schellen Rollen & Räder Muffen Schrauben & Muttern Gewindestangen & Ösen Hausnummern Dreh-Wendeschneidplatten Türbeschläge & Schlösser Körnerspitzen Lochbleche Briefkästen Verschraubungen Scharniere & Beschläge Schlagzahlen & -buchstaben Stützen Profile & Bleche Knotenketten Pfostenträger Brennschneidedüsen (open) Transport Transportkisten Hubwagen & -tische Fahrrad fahren Eimer & Kübel Schubkarren Transportkarren Aufhängungen (open) Arbeitskleidung & Arbeitssicherheit Funktionssocken Jacken & Hosen Atemschutz Betrieblicher Arbeitsschutz Zurrgurte Overalls Schweißerschutzbekleidung Stiefel aller Art Verkehrskennzeichen Arbeitskleidungzubehör Sicherheitsschuhe Knieschoner Einwegkleidung Handschuhe Taschenmesser & Multifunktionswerkzeuge Warn & Schutzbekleidung Dickies Pullover & Shirts Augen- & Ohrenschutz (open) Friedhof Grabvasen Grablaternen (open) MarkenShop (open) Wenko Küchenhelfer Haushaltshelfer Kleiderbügel (open) HQ, König, ValueLine Audio Foto & Video Connectivity Sicherheit & Überwachung Gadgets & Geschenke Beleuchtung Smart Media Weiße Ware Computer Energieversorgung Haus & Wohnen TV Empfang Kesper OKT (open) Gardena Combisystem Original Gardena System Bewässerung Scheren & Sägen Cleansystem Baum & Strauchpflege Regner Rasenmähen Anschlussgeräte Pumpen Rasenpflege Schlauchwagen & Trommeln Ersatzteile & Zubehör Schläuche Micro-Drip-System (open) Leonardo Serie VOLTERRA Serie Dynamic Serie Column Serie Flick Flack Serie MIO Serie Swirl Serie DAILY Serie Saccetta Serie Rock Serie Millefiori Serie LOOP Serie Optic Serie Beauty Serie OOH... Serie CHEERS Serie Ciao Serie Lucca weitere Leonardo Serien (open) Wesco Pushboy & Friends Wesco Smokersline Wesco Badaccessoires Wesco Küchenaccessoires (open) Silverline, GMC, Triton Benchdog Silverline Triton Magswitch Task Kreg GMC Gartenarbeit Fixman Fräszubehör Fahrradwerkzeug (open) Spielzeug & Baby (open) Spielen und Lernen Babyspielzeug Basteln und Malen Puzzle Kinderfahrzeuge Puppen & Plüschtiere Kinderspielzeug Holzspielzeug Spiele für Draußen Badespaß Lernspielzeug (open) Baby Pflegen Erinnerungen Kinderwagen & Zubehör Sicherheit Drogerie Essen & Trinken Taufe (open) Unterwegs Im Auto Schlüsselanhänger Reisebett & Zubehör Decken Koffer (open) Schulbedarf Schreibwaren Schreibtisch & Zubehör Ordner & Hefte Taschen & Ranzen Malen (open) Kinderzimmer Uhren Wickeltisch Wannen, Eimer, & Töpfchen Dekoration Bettwäsche Ausstattung Lampen und Leuchten Frottee Möbel Pflege und Hygiene Kinderbett (open) Baby & Kinderbücher Bücher & Hörbücher Baby & Kleinkindbücher (open) Bekleidung Regenbekleidung (open) Garten (open) Bewässerung Anschlüsse & Kupplungen Zubehör Wassertechnik Rasensprenger, Regner & Sprinkler Gartenschläuche Schlauchwagen & Schlauchträger Gartenspritzen & Gartenbrausen Pumpen & Hauswasserwerke Camping & Outdoor (open) Gartenwerkzeug & Gartenmaschinen Gartengeräte Kanister aller Art Ernte Forstwerkzeuge Komposter (open) Gartenpflege & Deko Abdeckungen & Vlies Gartendekoration Samen Pflanztische Gartenstecker Rankhilfen & Halter Vogelhäuser Feuerschalen & -körbe Insekten & Schädlingsbekämpfung Bindedraht Gartenbeleuchtung Brunnen Gartenerde & Gartendünger Gartenthermometer Fahnenmast (open) Winter Schneeschieber & Fräsen Schlitten & Rodel (open) Gartenhäuser & Carports Gartenschuppen & -häuser Gewächshäuserzubehör Frühbeete & Hochbeete Terrassenüberdachungen Carports & Garagen Gewächshäuser (open) Grillen Grills & Grillkamine Grillzubehör (open) Gartenfreizeit Gartenmöbel Kniekissen Gartenhandschuhe Gartenschuhe Sonnenschutz Pools & Zubehör (open) Pflanzgefäße & Übertöpfe Blumentöpfe Blumenkästen Hängeampeln Pflanzgefäße Übertöpfe Blumentopfhalterungen & -zubehör Bewässerte Blumentöpfe Untersetzer (open) Gartenbau & Landschaftsbau Sichtschutz Kräuterbeet Regenwassernutzung Teichbau Gabionen Rasenpflege Zäune & Zubehör Gartenabfälle & Kompost (open)mehr(open) Haushalt (open) Kleingeräte Heizstrahler & -lüfter Fritteusen Sandwichtoaster Staubsauger & Reiniger Einkocher & Glühweintöpfe Elektroheizer Heizkissen Mixer & Zerkleinerer Dörrautomaten elektrische Grillgeräte & Toastofen Nass- & Trockensauger Eierkocher Mikrowellen Eismaschinen & Eisbereiter Wetterstationen Brot- & Kuchenbäcker Fondue & Schokobrunnen Küchenmaschinen & Zubehör Entsafter Wasserkocher Popcornmaker Raclette Klimageräte, Ventilatoren & Zubehör Dampfgarer & Reiskocher Waffeleisen Dampfreiniger & Zubehör Kochplatten & -felder Kaffeemaschinen Allesschneider & Elektromesser Toaster Bügeleisen & Dampfstationen (open) Büro & Schreibartikel Bunte Stifte aller Art Stehsammler & Ablagekörbe Bücher Hüllen, Hefter & Mappen Präsentationen Aufbewahrungsboxen Etikettierer & Zubehör Bürogeräte Büroausstattung Lochen, Heften, Kleben Papeterie Scheren Bleistifte, Spitzer & Radiergummis Formularbücher Zirkel, Lineale & Geodreicke Kugelschreiber & Zubehör Pinsel & Farben Füller & Zubehör Ordner & Register Notizbedarf & Marker (open) Lampen & Leuchten Tischleuchten Taschenlampen Deckenleuchten Leuchtmittel Stehleuchten (open) Elektronik Batterien & Akkus Kabel & Dosen Fernbedienungen Netzwerk- & Lautsprecherkabel TV & Hifi Computerzubehör Mehrfachsteckdosen (open) Körperpflege & Gesundheit Körperreinigung & Pflege Fieberthermometer Wärmflaschen Seifen Massage Taschenwärmer Zahnbürsten Blutdruckmessgeräte Sehhilfen Heizdecken Lupen Haarentfernung Stehhilfen Styling Maniküre & Pediküre (open) Gastronomie & Buffet Buffetartikel Professionelle Geräte und Behälter Kartenhalter & Tischaufsteller Arbeitstische & Zubehör Großgeräte (open) Badezimmer Sicherheit Badezusätze & Entspannung Personenwaagen Badvorleger WC-Sitze Zahnputzbecher Aufbewahrung Seifenspender & -schalen Kosmetikeimer Waschlappen und Co. WC-Garnituren & Bürsten Spiegel Handtücher & Halter (open) Geschenke & Partyartikel Partyartikel Schmuck Geschenksets Geschenkverpackung Glückwunschkarten Fan-Shop (open) Ordnung im Haushalt Putztücher Mülleimer & Zubehör Tischabfalleimer Entkalker, Reiniger, Löse - & Schutzmittel Fliegengitter & -klatschen Tischtuchhalter Wäsche waschen Aschenbecher Raumentfeuchter Aufbewahrung Regenschirme Abzieher/Badwischer Spülen Fenster putzen Abfluss Bügelbretter & Zubehör Haushaltshandschuhe Garderoben & Kleiderbügel Kleiderpflege Bodenpflege Eimer aller Art Wasserfilter & Filterpatronen (open) Großgeräte Dunsthauben Waschmaschinen Kühlschränke Kühl,-Gefrierkombi Spülen und Amaturen Herde Einbauherde Trockner (open) Kochen, Backen & Genießen Brauen & Keltern Geschirr & Porzellan Kaffee & Espresso Tassen & Becher Gläser Genuss Besteck & Messer Küchentextilien Backen Kannen und Krüge Aufbewahrung Einkochen, Einlegen & Co. Töpfe & Pfannen Küchenbedarf & -accessoires (open) Wohnaccessoires Uhren & Wecker Feuerzeuge Luftbefeuchter & -erfrischer Gießkannen Koffer & Co. Spardosen Taschen, Körbe und Korbwaren Schlüsselanhänger & Glücksbringer Pinn- & Magnetwände Pflanzenroller & Möbeltransporter Schlüsselkästen Vorhänge Regale & Kleinmöbel Türstopper & Fußmatten Zeitungsständer Thermometer & Wetterstationen Dekoration Kissen, Decken & Bezüge Neuheiten (open) Pflege & Hilfsmittel (open) Gehhilfen Achselstützen Unterarmgehstützen Anatomisch und Softgriff Rollstuhl Rollatoren Zubehör/Ersatzteile für Rollatoren und Gehwagen Handstöcke Metall/Stützschirme Zubehör/Ersatzteile für Krücken und Stöcke Handstöcke Holz Vier-und Fünffußgehstützen Unterarmgehstützen Standard Unterarmgehstützen Kinder,Überlänge und sonstige (open) Absauggeräte Zubehör/Ersatzteile für Absauggeräte Manuelle Absaugpumpen Pflegehilfsmittel Mobilität (open) Kissen, Keile, Rollen Arthrodesenkissen Sitz-und Rückenkissen Lenden- und Lordosekissen Kopfkissen,Nackenkissen,-Hörnchen und -Rollen Kissenbezüge Keilkissen (open) Wäsche und Wäscheschutz Eßlätzchen und - Schürzen, etc. Bestrahlungsgeräte Pflegehilfsmittel zur Linderung von Beschwerden (open) Kälte und Wärme Heizkissen, Wärmeunterbetten,Fußwärmer Wärmflaschen, Wärmeschals, Fußwärmer Kälte-und Wärmekissen,-Pflaster- und Kompressen Toilettenhilfen (open) Bandagen Achillessehnenbandagen Knöchel-und Sprungelenkbandagen Kniebandagen Fußbandagen Finger-, Daumen-und Handgelenkbandagen Schulter-und Oberarmbandagen Ellenbogenbandagen Rumpf- und Hüftbandagen/Bruchbandagen (open) Lagerungshilfen Arm-, Schulter-und Speizlagerung Universallagerung Sitzringe Hochlagerung Bezüge für Lagerungshilfen (open) Fitness und Massage Fitnessgeräte, Gewichte, Matten Massage-und Fitnesswäsche Massage manuell Zubehör für Fitness und Massage Massage elektrisch Wasserauftriebhilfen Literatur und Übungsanleitungen Therapieknete,Handtrainer Hüpf-und Lerntiere Therapiebänder,Igelbälle und -Rollen Gymnastik- und Sitzbälle, Ballsitzkissen Pulsmeßgeräte, Schrittzähler Pflegehilfsmittel zur Erleichterung der Pflege (open) Inkontinenzhilfen Einlagen, Windeln und Hosen Urologie Netz-und Fixierhosen Inkontinenz-Therapiehilfen (open) Strümpfe ohne Kompression Diabetikerstrümpfe Wadenstrümpfe Strumpfhosen Schenkelstrümpfe Freizeitsocken (open) Badehilfen Badewannenlifter Haltegriffe Einstieghilfen Dusch-u.Duschtoilettenstühle Duschroll-u.Duschtoilettenrollstühle Duschhocker/Duschklappsitze Zubehör/Ersatzteile für Badehilfen Badewannensitze, -Bretter und-Hocker etc. Wannen-und Duscheinlagen (open) Krankenpflegeartikel Bettschutzeinlagen Zubehör zur Krankenpflege Wasch- und Haarwaschbecken Versorgungshilfen Urinflaschen,Nachttöpfe,Meßgefäße Stechbecken Bidetbecken (open) Fertigungsmaterial Gips, Gips-/Polyesterbinden, Gehstollen, Trittschaum Folien Trikot- und Faserschläuche und-Matten (open) Orthesen/Schienen Allgemein-Zubehör für Orthesen/Schienen Knieorthesen und -Schienen Gehschienen Fuß-und Sprungelenkorthesen und-Schienen Unterschenkelorthesen und -Schienen Finger-, Daumen-und Handgelenkorthesen und -Schienen Schulter-und Oberarmorthesen und- Schienen Epi-Spangen und Ellenbogenorthesen und-Schienen Rumpf-, Bruch-und Hüftorthesen Cervicalstützen und-Orthesen Pelotten und Polster für Orthesen/Schienen (open) Inhalations- und Atemtherapiegeräte Zubehör/Ersatzteile für Inhalations- und Atemtherapiegeräte Inhalatoren und Vernebler (open) Schuhe Verbandschuhe/Gehsohlen Reha-,Therapie-und Ausgleichsschuhe Pantoletten, Massage- und Badeschuhe Hausschuhe Hallux-Valgus- und Therapielederschuhe Freizeitschuhe Zubehör für Schuhe Fersen- und Rückfuß-Entlastungsschuhe Vorfuß-Entlastungsschuhe Ausstattungsbedarf für Betriebe und Pflegeeinrichtungen Krankenfahrzeuge Elektrostimulationsgeräte Mobilitätshilfen (open) Hilfsmittel zur Kompressionstherapie Anti-Thrombose-Strümpfe Zubehör für Kompressionstherapie Wadenstrümpfe Venentrainer Strumpfhosen Schenkelstrümpfe (open) Prothesen Stumpf-u.Kosmetikstrümpfe,Prothesen-BH's etc. Prothesenteile (open) Applikationshilfen Irrigatoren Körperschutz und Gurte Zum Verbrauch bestimmte Pflegehilfsmittel (open) Einlagen Stoßabsorber/Verkürzungsausgleich Einlagenrohlinge (open) Meßgeräte Blutdruckmeßgeräte Körpervermessung Zubehör Meßgeräte Stethoskope/Otoskope Blutzuckermeßgeräte (open) Hilfsmittel gegen Dekubitus AD-Auflagen Zubehör/Ersatzteile für Wechseldrucksysteme Wechseldruck-/ Auflagensysteme und Einzelkomponenten Bezüge für AD-Kissen und AD-Matratzen AD-Matratzen AD-Kissen u.-Lagerung (open) Adaptionshilfen An-und Ausziehhilfen Greifhilfen Ess-und Trinkhilfen Produkte für diverse Einsatzbereiche (open) Körperpflege, Hygiene und Intensivpflege Desinfektion und Reinigung Zubehör/Ersatzteile für Körperpflege und Hygiene Wasser-, Schmutz- und Feuchtigkeitschutz Wasch- und Handtücher Scheren,Feilen,Pinzetten etc. Mundhygiene,Hautpflege,Dusch-und Bademittel etc. Handschuhe Wellness und Entspannung Blindenhilfsmittel Matratzen und Auflagen % Sale Baumarkt Technik & Werkzeug Heizen, Klima & Ventilatoren Elektro-Installation Handwerkzeuge Hydraulik Werkstatt Kühlmittel & Schmierstoffe Großmaschinen Baustellenausstattung Reinigungsmaschinen Betriebsausstattung Elektrowerkzeuge Schweißgeräte & Zubehör Rund um's Auto Parken Absperrpfosten & Bänder Autozubehör Rampen & Auffahrschienen Reiniger & Frostschutz Eiskratzer Tierbedarf Futternäpfe Tierbedarfzubehör Transportboxen, Kissen & Körbchen Hundeleinen & Spielzeug Vogelhauszubehör Bad & Sanitär Dusch & Badewannen Brausen & Duschsysteme Sanitärinstallation WC Badmöbel Badarmaturen Baustoffe Zement & Mörtel Wohnen Kamine & Öfen Schimmelentfernung Warmwassergeräte rund ums Fenster Haushalt Gitterrost Aufbewahrung & Ordnung Renovierung Lampen & Leuchten Möbelgriffe Sicherheit & Haustechnik Seile Rohre & Schläuche Rohrreinigung Schläuche Rohre Rohrabschneider Rohrbefestigung Eisenwaren & Beschläge Unterlegscheiben & Ringe Möbeltechnik Splinte Nägel & Haken Eisendraht Schlüssel & Schlüsselanhänger Nieten Dübel Führungsbuchsen Holzbeschläge Klemmen & Schellen Rollen & Räder Muffen Schrauben & Muttern Gewindestangen & Ösen Hausnummern Dreh-Wendeschneidplatten Türbeschläge & Schlösser Körnerspitzen Lochbleche Briefkästen Verschraubungen Scharniere & Beschläge Schlagzahlen & -buchstaben Stützen Profile & Bleche Knotenketten Pfostenträger Brennschneidedüsen Transport Transportkisten Hubwagen & -tische Fahrrad fahren Eimer & Kübel Schubkarren Transportkarren Aufhängungen Arbeitskleidung & Arbeitssicherheit Funktionssocken Jacken & Hosen Atemschutz Betrieblicher Arbeitsschutz Zurrgurte Overalls Schweißerschutzbekleidung Stiefel aller Art Verkehrskennzeichen Arbeitskleidungzubehör Sicherheitsschuhe Knieschoner Einwegkleidung Handschuhe Taschenmesser & Multifunktionswerkzeuge Warn & Schutzbekleidung Dickies Pullover & Shirts Augen- & Ohrenschutz Friedhof Grabvasen Grablaternen MarkenShop Wenko Küchenhelfer Haushaltshelfer Kleiderbügel HQ, König, ValueLine Audio Foto & Video Connectivity Sicherheit & Überwachung Gadgets & Geschenke Beleuchtung Smart Media Weiße Ware Computer Energieversorgung Haus & Wohnen TV Empfang Kesper OKT Gardena Combisystem Original Gardena System Bewässerung Scheren & Sägen Cleansystem Baum & Strauchpflege Regner Rasenmähen Anschlussgeräte Pumpen Rasenpflege Schlauchwagen & Trommeln Ersatzteile & Zubehör Schläuche Micro-Drip-System Leonardo Serie VOLTERRA Serie Dynamic Serie Column Serie Flick Flack Serie MIO Serie Swirl Serie DAILY Serie Saccetta Serie Rock Serie Millefiori Serie LOOP Serie Optic Serie Beauty Serie OOH... Serie CHEERS Serie Ciao Serie Lucca weitere Leonardo Serien Wesco Pushboy & Friends Wesco Smokersline Wesco Badaccessoires Wesco Küchenaccessoires Silverline, GMC, Triton Benchdog Silverline Triton Magswitch Task Kreg GMC Gartenarbeit Fixman Fräszubehör Fahrradwerkzeug Spielzeug & Baby Spielen und Lernen Babyspielzeug Basteln und Malen Puzzle Kinderfahrzeuge Puppen & Plüschtiere Kinderspielzeug Holzspielzeug Spiele für Draußen Badespaß Lernspielzeug Baby Pflegen Erinnerungen Kinderwagen & Zubehör Sicherheit Drogerie Essen & Trinken Taufe Unterwegs Im Auto Schlüsselanhänger Reisebett & Zubehör Decken Koffer Schulbedarf Schreibwaren Schreibtisch & Zubehör Ordner & Hefte Taschen & Ranzen Malen Kinderzimmer Uhren Wickeltisch Wannen, Eimer, & Töpfchen Dekoration Bettwäsche Ausstattung Lampen und Leuchten Frottee Möbel Pflege und Hygiene Kinderbett Baby & Kinderbücher Bücher & Hörbücher Baby & Kleinkindbücher Bekleidung Regenbekleidung Garten Bewässerung Anschlüsse & Kupplungen Zubehör Wassertechnik Rasensprenger, Regner & Sprinkler Gartenschläuche Schlauchwagen & Schlauchträger Gartenspritzen & Gartenbrausen Pumpen & Hauswasserwerke Camping & Outdoor Gartenwerkzeug & Gartenmaschinen Gartengeräte Kanister aller Art Ernte Forstwerkzeuge Komposter Gartenpflege & Deko Abdeckungen & Vlies Gartendekoration Samen Pflanztische Gartenstecker Rankhilfen & Halter Vogelhäuser Feuerschalen & -körbe Insekten & Schädlingsbekämpfung Bindedraht Gartenbeleuchtung Brunnen Gartenerde & Gartendünger Gartenthermometer Fahnenmast Winter Schneeschieber & Fräsen Schlitten & Rodel Gartenhäuser & Carports Gartenschuppen & -häuser Gewächshäuserzubehör Frühbeete & Hochbeete Terrassenüberdachungen Carports & Garagen Gewächshäuser Grillen Grills & Grillkamine Grillzubehör Gartenfreizeit Gartenmöbel Kniekissen Gartenhandschuhe Gartenschuhe Sonnenschutz Pools & Zubehör Pflanzgefäße & Übertöpfe Blumentöpfe Blumenkästen Hängeampeln Pflanzgefäße Übertöpfe Blumentopfhalterungen & -zubehör Bewässerte Blumentöpfe Untersetzer Gartenbau & Landschaftsbau Sichtschutz Kräuterbeet Regenwassernutzung Teichbau Gabionen Rasenpflege Zäune & Zubehör Gartenabfälle & Kompost mehr Haushalt Kleingeräte Heizstrahler & -lüfter Fritteusen Sandwichtoaster Staubsauger & Reiniger Einkocher & Glühweintöpfe Elektroheizer Heizkissen Mixer & Zerkleinerer Dörrautomaten elektrische Grillgeräte & Toastofen Nass- & Trockensauger Eierkocher Mikrowellen Eismaschinen & Eisbereiter Wetterstationen Brot- & Kuchenbäcker Fondue & Schokobrunnen Küchenmaschinen & Zubehör Entsafter Wasserkocher Popcornmaker Raclette Klimageräte, Ventilatoren & Zubehör Dampfgarer & Reiskocher Waffeleisen Dampfreiniger & Zubehör Kochplatten & -felder Kaffeemaschinen Allesschneider & Elektromesser Toaster Bügeleisen & Dampfstationen Büro & Schreibartikel Bunte Stifte aller Art Stehsammler & Ablagekörbe Bücher Hüllen, Hefter & Mappen Präsentationen Aufbewahrungsboxen Etikettierer & Zubehör Bürogeräte Büroausstattung Lochen, Heften, Kleben Papeterie Scheren Bleistifte, Spitzer & Radiergummis Formularbücher Zirkel, Lineale & Geodreicke Kugelschreiber & Zubehör Pinsel & Farben Füller & Zubehör Ordner & Register Notizbedarf & Marker Lampen & Leuchten Tischleuchten Taschenlampen Deckenleuchten Leuchtmittel Stehleuchten Elektronik Batterien & Akkus Kabel & Dosen Fernbedienungen Netzwerk- & Lautsprecherkabel TV & Hifi Computerzubehör Mehrfachsteckdosen Körperpflege & Gesundheit Körperreinigung & Pflege Fieberthermometer Wärmflaschen Seifen Massage Taschenwärmer Zahnbürsten Blutdruckmessgeräte Sehhilfen Heizdecken Lupen Haarentfernung Stehhilfen Styling Maniküre & Pediküre Gastronomie & Buffet Buffetartikel Professionelle Geräte und Behälter Kartenhalter & Tischaufsteller Arbeitstische & Zubehör Großgeräte Badezimmer Sicherheit Badezusätze & Entspannung Personenwaagen Badvorleger WC-Sitze Zahnputzbecher Aufbewahrung Seifenspender & -schalen Kosmetikeimer Waschlappen und Co. WC-Garnituren & Bürsten Spiegel Handtücher & Halter Geschenke & Partyartikel Partyartikel Schmuck Geschenksets Geschenkverpackung Glückwunschkarten Fan-Shop Ordnung im Haushalt Putztücher Mülleimer & Zubehör Tischabfalleimer Entkalker, Reiniger, Löse - & Schutzmittel Fliegengitter & -klatschen Tischtuchhalter Wäsche waschen Aschenbecher Raumentfeuchter Aufbewahrung Regenschirme Abzieher/Badwischer Spülen Fenster putzen Abfluss Bügelbretter & Zubehör Haushaltshandschuhe Garderoben & Kleiderbügel Kleiderpflege Bodenpflege Eimer aller Art Wasserfilter & Filterpatronen Großgeräte Dunsthauben Waschmaschinen Kühlschränke Kühl,-Gefrierkombi Spülen und Amaturen Herde Einbauherde Trockner Kochen, Backen & Genießen Brauen & Keltern Geschirr & Porzellan Kaffee & Espresso Tassen & Becher Gläser Genuss Besteck & Messer Küchentextilien Backen Kannen und Krüge Aufbewahrung Einkochen, Einlegen & Co. Töpfe & Pfannen Küchenbedarf & -accessoires Wohnaccessoires Uhren & Wecker Feuerzeuge Luftbefeuchter & -erfrischer Gießkannen Koffer & Co. Spardosen Taschen, Körbe und Korbwaren Schlüsselanhänger & Glücksbringer Pinn- & Magnetwände Pflanzenroller & Möbeltransporter Schlüsselkästen Vorhänge Regale & Kleinmöbel Türstopper & Fußmatten Zeitungsständer Thermometer & Wetterstationen Dekoration Kissen, Decken & Bezüge Neuheiten Pflege & Hilfsmittel Gehhilfen Achselstützen Unterarmgehstützen Anatomisch und Softgriff Rollstuhl Rollatoren Zubehör/Ersatzteile für Rollatoren und Gehwagen Handstöcke Metall/Stützschirme Zubehör/Ersatzteile für Krücken und Stöcke Handstöcke Holz Vier-und Fünffußgehstützen Unterarmgehstützen Standard Unterarmgehstützen Kinder,Überlänge und sonstige Absauggeräte Zubehör/Ersatzteile für Absauggeräte Manuelle Absaugpumpen Pflegehilfsmittel Mobilität Kissen, Keile, Rollen Arthrodesenkissen Sitz-und Rückenkissen Lenden- und Lordosekissen Kopfkissen,Nackenkissen,-Hörnchen und -Rollen Kissenbezüge Keilkissen Wäsche und Wäscheschutz Eßlätzchen und - Schürzen, etc. Bestrahlungsgeräte Pflegehilfsmittel zur Linderung von Beschwerden Kälte und Wärme Heizkissen, Wärmeunterbetten,Fußwärmer Wärmflaschen, Wärmeschals, Fußwärmer Kälte-und Wärmekissen,-Pflaster- und Kompressen Toilettenhilfen Bandagen Achillessehnenbandagen Knöchel-und Sprungelenkbandagen Kniebandagen Fußbandagen Finger-, Daumen-und Handgelenkbandagen Schulter-und Oberarmbandagen Ellenbogenbandagen Rumpf- und Hüftbandagen/Bruchbandagen Lagerungshilfen Arm-, Schulter-und Speizlagerung Universallagerung Sitzringe Hochlagerung Bezüge für Lagerungshilfen Fitness und Massage Fitnessgeräte, Gewichte, Matten Massage-und Fitnesswäsche Massage manuell Zubehör für Fitness und Massage Massage elektrisch Wasserauftriebhilfen Literatur und Übungsanleitungen Therapieknete,Handtrainer Hüpf-und Lerntiere Therapiebänder,Igelbälle und -Rollen Gymnastik- und Sitzbälle, Ballsitzkissen Pulsmeßgeräte, Schrittzähler Pflegehilfsmittel zur Erleichterung der Pflege Inkontinenzhilfen Einlagen, Windeln und Hosen Urologie Netz-und Fixierhosen Inkontinenz-Therapiehilfen Strümpfe ohne Kompression Diabetikerstrümpfe Wadenstrümpfe Strumpfhosen Schenkelstrümpfe Freizeitsocken Badehilfen Badewannenlifter Haltegriffe Einstieghilfen Dusch-u.Duschtoilettenstühle Duschroll-u.Duschtoilettenrollstühle Duschhocker/Duschklappsitze Zubehör/Ersatzteile für Badehilfen Badewannensitze, -Bretter und-Hocker etc. Wannen-und Duscheinlagen Krankenpflegeartikel Bettschutzeinlagen Zubehör zur Krankenpflege Wasch- und Haarwaschbecken Versorgungshilfen Urinflaschen,Nachttöpfe,Meßgefäße Stechbecken Bidetbecken Fertigungsmaterial Gips, Gips-/Polyesterbinden, Gehstollen, Trittschaum Folien Trikot- und Faserschläuche und-Matten Orthesen/Schienen Allgemein-Zubehör für Orthesen/Schienen Knieorthesen und -Schienen Gehschienen Fuß-und Sprungelenkorthesen und-Schienen Unterschenkelorthesen und -Schienen Finger-, Daumen-und Handgelenkorthesen und -Schienen Schulter-und Oberarmorthesen und- Schienen Epi-Spangen und Ellenbogenorthesen und-Schienen Rumpf-, Bruch-und Hüftorthesen Cervicalstützen und-Orthesen Pelotten und Polster für Orthesen/Schienen Inhalations- und Atemtherapiegeräte Zubehör/Ersatzteile für Inhalations- und Atemtherapiegeräte Inhalatoren und Vernebler Schuhe Verbandschuhe/Gehsohlen Reha-,Therapie-und Ausgleichsschuhe Pantoletten, Massage- und Badeschuhe Hausschuhe Hallux-Valgus- und Therapielederschuhe Freizeitschuhe Zubehör für Schuhe Fersen- und Rückfuß-Entlastungsschuhe Vorfuß-Entlastungsschuhe Ausstattungsbedarf für Betriebe und Pflegeeinrichtungen Krankenfahrzeuge Elektrostimulationsgeräte Mobilitätshilfen Hilfsmittel zur Kompressionstherapie Anti-Thrombose-Strümpfe Zubehör für Kompressionstherapie Wadenstrümpfe Venentrainer Strumpfhosen Schenkelstrümpfe Prothesen Stumpf-u.Kosmetikstrümpfe,Prothesen-BH's etc. Prothesenteile Applikationshilfen Irrigatoren Körperschutz und Gurte Zum Verbrauch bestimmte Pflegehilfsmittel Einlagen Stoßabsorber/Verkürzungsausgleich Einlagenrohlinge Meßgeräte Blutdruckmeßgeräte Körpervermessung Zubehör Meßgeräte Stethoskope/Otoskope Blutzuckermeßgeräte Hilfsmittel gegen Dekubitus AD-Auflagen Zubehör/Ersatzteile für Wechseldrucksysteme Wechseldruck-/ Auflagensysteme und Einzelkomponenten Bezüge für AD-Kissen und AD-Matratzen AD-Matratzen AD-Kissen u.-Lagerung Adaptionshilfen An-und Ausziehhilfen Greifhilfen Ess-und Trinkhilfen Produkte für diverse Einsatzbereiche Körperpflege, Hygiene und Intensivpflege Desinfektion und Reinigung Zubehör/Ersatzteile für Körperpflege und Hygiene Wasser-, Schmutz- und Feuchtigkeitschutz Wasch- und Handtücher Scheren,Feilen,Pinzetten etc. Mundhygiene,Hautpflege,Dusch-und Bademittel etc. Handschuhe Wellness und Entspannung Blindenhilfsmittel Matratzen und Auflagen % Sale DE EN ES FR suchen Anmelden Registrieren Wunschzettel Warenkorb 0 Artikel für 0,00 € Ihr Warenkorb ist noch leer! Baumarkt Technik & Werkzeug Heizen, Klima & Ventilatoren Elektro-Installation Handwerkzeuge Hydraulik Werkstatt Kühlmittel & Schmierstoffe Großmaschinen Baustellenausstattung Reinigungsmaschinen Betriebsausstattung Elektrowerkzeuge Schweißgeräte & Zubehör Rund um's Auto Parken Absperrpfosten & Bänder Autozubehör Rampen & Auffahrschienen Reiniger & Frostschutz Eiskratzer Tierbedarf Futternäpfe Tierbedarfzubehör Transportboxen, Kissen & Körbchen Hundeleinen & Spielzeug Vogelhauszubehör Bad & Sanitär Dusch & Badewannen Brausen & Duschsysteme Sanitärinstallation WC Badmöbel Badarmaturen Baustoffe Zement & Mörtel Wohnen Kamine & Öfen Schimmelentfernung Warmwassergeräte rund ums Fenster Haushalt Gitterrost Aufbewahrung & Ordnung Renovierung Lampen & Leuchten Möbelgriffe Sicherheit & Haustechnik Seile Rohre & Schläuche Rohrreinigung Schläuche Rohre Rohrabschneider Rohrbefestigung Eisenwaren & Beschläge Unterlegscheiben & Ringe Möbeltechnik Splinte Nägel & Haken Eisendraht Schlüssel & Schlüsselanhänger Nieten Dübel Führungsbuchsen Holzbeschläge Klemmen & Schellen Rollen & Räder Muffen Schrauben & Muttern Gewindestangen & Ösen Hausnummern Dreh-Wendeschneidplatten Türbeschläge & Schlösser Körnerspitzen Lochbleche Briefkästen Verschraubungen Scharniere & Beschläge Schlagzahlen & -buchstaben Stützen Profile & Bleche Knotenketten Pfostenträger Brennschneidedüsen Transport Transportkisten Hubwagen & -tische Fahrrad fahren Eimer & Kübel Schubkarren Transportkarren Aufhängungen Arbeitskleidung & Arbeitssicherheit Funktionssocken Jacken & Hosen Atemschutz Betrieblicher Arbeitsschutz Zurrgurte Overalls Schweißerschutzbekleidung Stiefel aller Art Verkehrskennzeichen Arbeitskleidungzubehör Sicherheitsschuhe Knieschoner Einwegkleidung Handschuhe Taschenmesser & Multifunktionswerkzeuge Warn & Schutzbekleidung Dickies Pullover & Shirts Augen- & Ohrenschutz Friedhof Grabvasen Grablaternen MarkenShop Wenko Küchenhelfer Haushaltshelfer Kleiderbügel HQ, König, ValueLine Audio Foto & Video Connectivity Sicherheit & Überwachung Gadgets & Geschenke Beleuchtung Smart Media Weiße Ware Computer Energieversorgung Haus & Wohnen TV Empfang Kesper OKT Gardena Combisystem Original Gardena System Bewässerung Scheren & Sägen Cleansystem Baum & Strauchpflege Regner Rasenmähen Anschlussgeräte Pumpen Rasenpflege Schlauchwagen & Trommeln Ersatzteile & Zubehör Schläuche Micro-Drip-System Leonardo Serie VOLTERRA Serie Dynamic Serie Column Serie Flick Flack Serie MIO Serie Swirl Serie DAILY Serie Saccetta Serie Rock Serie Millefiori Serie LOOP Serie Optic Serie Beauty Serie OOH... Serie CHEERS Serie Ciao Serie Lucca weitere Leonardo Serien Wesco Pushboy & Friends Wesco Smokersline Wesco Badaccessoires Wesco Küchenaccessoires Silverline, GMC, Triton Benchdog Silverline Triton Magswitch Task Kreg GMC Gartenarbeit Fixman Fräszubehör Fahrradwerkzeug Spielzeug & Baby Spielen und Lernen Babyspielzeug Basteln und Malen Puzzle Kinderfahrzeuge Puppen & Plüschtiere Kinderspielzeug Holzspielzeug Spiele für Draußen Badespaß Lernspielzeug Baby Pflegen Erinnerungen Kinderwagen & Zubehör Sicherheit Drogerie Essen & Trinken Taufe Unterwegs Im Auto Schlüsselanhänger Reisebett & Zubehör Decken Koffer Schulbedarf Schreibwaren Schreibtisch & Zubehör Ordner & Hefte Taschen & Ranzen Malen Kinderzimmer Uhren Wickeltisch Wannen, Eimer, & Töpfchen Dekoration Bettwäsche Ausstattung Lampen und Leuchten Frottee Möbel Pflege und Hygiene Kinderbett Baby & Kinderbücher Bücher & Hörbücher Baby & Kleinkindbücher Bekleidung Regenbekleidung Garten Bewässerung Anschlüsse & Kupplungen Zubehör Wassertechnik Rasensprenger, Regner & Sprinkler Gartenschläuche Schlauchwagen & Schlauchträger Gartenspritzen & Gartenbrausen Pumpen & Hauswasserwerke Camping & Outdoor Gartenwerkzeug & Gartenmaschinen Gartengeräte Kanister aller Art Ernte Forstwerkzeuge Komposter Gartenpflege & Deko Abdeckungen & Vlies Gartendekoration Samen Pflanztische Gartenstecker Rankhilfen & Halter Vogelhäuser Feuerschalen & -körbe Insekten & Schädlingsbekämpfung Bindedraht Gartenbeleuchtung Brunnen Gartenerde & Gartendünger Gartenthermometer Fahnenmast Winter Schneeschieber & Fräsen Schlitten & Rodel Gartenhäuser & Carports Gartenschuppen & -häuser Gewächshäuserzubehör Frühbeete & Hochbeete Terrassenüberdachungen Carports & Garagen Gewächshäuser Grillen Grills & Grillkamine Grillzubehör Gartenfreizeit Gartenmöbel Kniekissen Gartenhandschuhe Gartenschuhe Sonnenschutz Pools & Zubehör Pflanzgefäße & Übertöpfe Blumentöpfe Blumenkästen Hängeampeln Pflanzgefäße Übertöpfe Blumentopfhalterungen & -zubehör Bewässerte Blumentöpfe Untersetzer Gartenbau & Landschaftsbau Sichtschutz Kräuterbeet Regenwassernutzung Teichbau Gabionen Rasenpflege Zäune & Zubehör Gartenabfälle & Kompost mehr Haushalt Kleingeräte Heizstrahler & -lüfter Fritteusen Sandwichtoaster Staubsauger & Reiniger Einkocher & Glühweintöpfe Elektroheizer Heizkissen Mixer & Zerkleinerer Dörrautomaten elektrische Grillgeräte & Toastofen Nass- & Trockensauger Eierkocher Mikrowellen Eismaschinen & Eisbereiter Wetterstationen Brot- & Kuchenbäcker Fondue & Schokobrunnen Küchenmaschinen & Zubehör Entsafter Wasserkocher Popcornmaker Raclette Klimageräte, Ventilatoren & Zubehör Dampfgarer & Reiskocher Waffeleisen Dampfreiniger & Zubehör Kochplatten & -felder Kaffeemaschinen Allesschneider & Elektromesser Toaster Bügeleisen & Dampfstationen Büro & Schreibartikel Bunte Stifte aller Art Stehsammler & Ablagekörbe Bücher Hüllen, Hefter & Mappen Präsentationen Aufbewahrungsboxen Etikettierer & Zubehör Bürogeräte Büroausstattung Lochen, Heften, Kleben Papeterie Scheren Bleistifte, Spitzer & Radiergummis Formularbücher Zirkel, Lineale & Geodreicke Kugelschreiber & Zubehör Pinsel & Farben Füller & Zubehör Ordner & Register Notizbedarf & Marker Lampen & Leuchten Tischleuchten Taschenlampen Deckenleuchten Leuchtmittel Stehleuchten Elektronik Batterien & Akkus Kabel & Dosen Fernbedienungen Netzwerk- & Lautsprecherkabel TV & Hifi Computerzubehör Mehrfachsteckdosen Körperpflege & Gesundheit Körperreinigung & Pflege Fieberthermometer Wärmflaschen Seifen Massage Taschenwärmer Zahnbürsten Blutdruckmessgeräte Sehhilfen Heizdecken Lupen Haarentfernung Stehhilfen Styling Maniküre & Pediküre Gastronomie & Buffet Buffetartikel Professionelle Geräte und Behälter Kartenhalter & Tischaufsteller Arbeitstische & Zubehör Großgeräte Badezimmer Sicherheit Badezusätze & Entspannung Personenwaagen Badvorleger WC-Sitze Zahnputzbecher Aufbewahrung Seifenspender & -schalen Kosmetikeimer Waschlappen und Co. WC-Garnituren & Bürsten Spiegel Handtücher & Halter Geschenke & Partyartikel Partyartikel Schmuck Geschenksets Geschenkverpackung Glückwunschkarten Fan-Shop Ordnung im Haushalt Putztücher Mülleimer & Zubehör Tischabfalleimer Entkalker, Reiniger, Löse - & Schutzmittel Fliegengitter & -klatschen Tischtuchhalter Wäsche waschen Aschenbecher Raumentfeuchter Aufbewahrung Regenschirme Abzieher/Badwischer Spülen Fenster putzen Abfluss Bügelbretter & Zubehör Haushaltshandschuhe Garderoben & Kleiderbügel Kleiderpflege Bodenpflege Eimer aller Art Wasserfilter & Filterpatronen Großgeräte Dunsthauben Waschmaschinen Kühlschränke Kühl,-Gefrierkombi Spülen und Amaturen Herde Einbauherde Trockner Kochen, Backen & Genießen Brauen & Keltern Geschirr & Porzellan Kaffee & Espresso Tassen & Becher Gläser Genuss Besteck & Messer Küchentextilien Backen Kannen und Krüge Aufbewahrung Einkochen, Einlegen & Co. Töpfe & Pfannen Küchenbedarf & -accessoires Wohnaccessoires Uhren & Wecker Feuerzeuge Luftbefeuchter & -erfrischer Gießkannen Koffer & Co. Spardosen Taschen, Körbe und Korbwaren Schlüsselanhänger & Glücksbringer Pinn- & Magnetwände Pflanzenroller & Möbeltransporter Schlüsselkästen Vorhänge Regale & Kleinmöbel Türstopper & Fußmatten Zeitungsständer Thermometer & Wetterstationen Dekoration Kissen, Decken & Bezüge Neuheiten Pflege & Hilfsmittel Gehhilfen Achselstützen Unterarmgehstützen Anatomisch und Softgriff Rollstuhl Rollatoren Zubehör/Ersatzteile für Rollatoren und Gehwagen Handstöcke Metall/Stützschirme Zubehör/Ersatzteile für Krücken und Stöcke Handstöcke Holz Vier-und Fünffußgehstützen Unterarmgehstützen Standard Unterarmgehstützen Kinder,Überlänge und sonstige Absauggeräte Zubehör/Ersatzteile für Absauggeräte Manuelle Absaugpumpen Pflegehilfsmittel Mobilität Kissen, Keile, Rollen Arthrodesenkissen Sitz-und Rückenkissen Lenden- und Lordosekissen Kopfkissen,Nackenkissen,-Hörnchen und -Rollen Kissenbezüge Keilkissen Wäsche und Wäscheschutz Eßlätzchen und - Schürzen, etc. Bestrahlungsgeräte Pflegehilfsmittel zur Linderung von Beschwerden Kälte und Wärme Heizkissen, Wärmeunterbetten,Fußwärmer Wärmflaschen, Wärmeschals, Fußwärmer Kälte-und Wärmekissen,-Pflaster- und Kompressen Toilettenhilfen Bandagen Achillessehnenbandagen Knöchel-und Sprungelenkbandagen Kniebandagen Fußbandagen Finger-, Daumen-und Handgelenkbandagen Schulter-und Oberarmbandagen Ellenbogenbandagen Rumpf- und Hüftbandagen/Bruchbandagen Lagerungshilfen Arm-, Schulter-und Speizlagerung Universallagerung Sitzringe Hochlagerung Bezüge für Lagerungshilfen Fitness und Massage Fitnessgeräte, Gewichte, Matten Massage-und Fitnesswäsche Massage manuell Zubehör für Fitness und Massage Massage elektrisch Wasserauftriebhilfen Literatur und Übungsanleitungen Therapieknete,Handtrainer Hüpf-und Lerntiere Therapiebänder,Igelbälle und -Rollen Gymnastik- und Sitzbälle, Ballsitzkissen Pulsmeßgeräte, Schrittzähler Pflegehilfsmittel zur Erleichterung der Pflege Inkontinenzhilfen Einlagen, Windeln und Hosen Urologie Netz-und Fixierhosen Inkontinenz-Therapiehilfen Strümpfe ohne Kompression Diabetikerstrümpfe Wadenstrümpfe Strumpfhosen Schenkelstrümpfe Freizeitsocken Badehilfen Badewannenlifter Haltegriffe Einstieghilfen Dusch-u.Duschtoilettenstühle Duschroll-u.Duschtoilettenrollstühle Duschhocker/Duschklappsitze Zubehör/Ersatzteile für Badehilfen Badewannensitze, -Bretter und-Hocker etc. Wannen-und Duscheinlagen Krankenpflegeartikel Bettschutzeinlagen Zubehör zur Krankenpflege Wasch- und Haarwaschbecken Versorgungshilfen Urinflaschen,Nachttöpfe,Meßgefäße Stechbecken Bidetbecken Fertigungsmaterial Gips, Gips-/Polyesterbinden, Gehstollen, Trittschaum Folien Trikot- und Faserschläuche und-Matten Orthesen/Schienen Allgemein-Zubehör für Orthesen/Schienen Knieorthesen und -Schienen Gehschienen Fuß-und Sprungelenkorthesen und-Schienen Unterschenkelorthesen und -Schienen Finger-, Daumen-und Handgelenkorthesen und -Schienen Schulter-und Oberarmorthesen und- Schienen Epi-Spangen und Ellenbogenorthesen und-Schienen Rumpf-, Bruch-und Hüftorthesen Cervicalstützen und-Orthesen Pelotten und Polster für Orthesen/Schienen Inhalations- und Atemtherapiegeräte Zubehör/Ersatzteile für Inhalations- und Atemtherapiegeräte Inhalatoren und Vernebler Schuhe Verbandschuhe/Gehsohlen Reha-,Therapie-und Ausgleichsschuhe Pantoletten, Massage- und Badeschuhe Hausschuhe Hallux-Valgus- und Therapielederschuhe Freizeitschuhe Zubehör für Schuhe Fersen- und Rückfuß-Entlastungsschuhe Vorfuß-Entlastungsschuhe Ausstattungsbedarf für Betriebe und Pflegeeinrichtungen Krankenfahrzeuge Elektrostimulationsgeräte Mobilitätshilfen Hilfsmittel zur Kompressionstherapie Anti-Thrombose-Strümpfe Zubehör für Kompressionstherapie Wadenstrümpfe Venentrainer Strumpfhosen Schenkelstrümpfe Prothesen Stumpf-u.Kosmetikstrümpfe,Prothesen-BH's etc. Prothesenteile Applikationshilfen Irrigatoren Körperschutz und Gurte Zum Verbrauch bestimmte Pflegehilfsmittel Einlagen Stoßabsorber/Verkürzungsausgleich Einlagenrohlinge Meßgeräte Blutdruckmeßgeräte Körpervermessung Zubehör Meßgeräte Stethoskope/Otoskope Blutzuckermeßgeräte Hilfsmittel gegen Dekubitus AD-Auflagen Zubehör/Ersatzteile für Wechseldrucksysteme Wechseldruck-/ Auflagensysteme und Einzelkomponenten Bezüge für AD-Kissen und AD-Matratzen AD-Matratzen AD-Kissen u.-Lagerung Adaptionshilfen An-und Ausziehhilfen Greifhilfen Ess-und Trinkhilfen Produkte für diverse Einsatzbereiche Körperpflege, Hygiene und Intensivpflege Desinfektion und Reinigung Zubehör/Ersatzteile für Körperpflege und Hygiene Wasser-, Schmutz- und Feuchtigkeitschutz Wasch- und Handtücher Scheren,Feilen,Pinzetten etc. Mundhygiene,Hautpflege,Dusch-und Bademittel etc. Handschuhe Wellness und Entspannung Blindenhilfsmittel Matratzen und Auflagen % Sale Premium MarkenShop exklusive Marken mehr in unserem MarkenShop Mehr erfahren Zum MarkenShop Premium Hersteller des Monats - Wenko - Produkte für Dein Zuhause. Mehr erfahren Zu den Produkten Kaffee & Espresso Genuss Espressokanne Moka Express- Restyle - unser Beststeller - Mehr erfahren Zum Produkt Top Produkte Mehr Produkte Briefkasten 43839-039 Grafitgrau mit Zeitungsfach Grau Heibi-Metall Birmann GmbH mit Zeitungsfach 89,32 € inkl. ges. MwSt. 19% Zum Produkt Geschenkset Kaffeebecher, Müslischale und Servietten La vida GmbH 18,16 € inkl. ges. MwSt. 19% Zum Produkt E-Procurement Service Wir sind Ihre Schnittstelle zur Industrie! einfach einkaufen, einfach verkaufen einfache Integration Sie sind Großhändler, Lieferant, Hersteller? ... mit uns finden Sie den Weg zu tausenden B2B Kunden. Aktuel bei ShoppingPoint24 Über ShoppingPoint24 Sei 2007 sind wir ein etablierter Shopbetreiber mit dem Schwerpunkt der C-Teile Belieferung privater und gewerblicher Endverbraucher. Zu unseren Referenzen zählen nahmenhafte Kleine und mittlere Unternehmen (KMU). Fragen Sie nach unseren Vertriebs- und Beschaffungslösungen... Mehr erfahren Newsletter Tragen Sie sich für unseren Newsletter ein um stets unsere aktuellen Angebote zu erhalten. Unsere Top Marken Folge uns: Jetzt NEU Wenko im MarkenShop ! Support online 24/7 Support Chat Zufällige Produkte Vtech Winnie Puuh Baby Tablet 19,36 € inkl. ges. MwSt. 19% Vtech Tut Tut Baby Flitzer - Parkhaus 34,83 € inkl. ges. MwSt. 19% Vtech Tut Tut Baby Flitzer - Polizeirevier 26,12 € inkl. ges. MwSt. 19% SALE Tisch-Set Uni weiß 1,67 € inkl. ges. MwSt. 19% Flaschenträger 6-fach grau-granit 2,16 € inkl. ges. MwSt. 19% Ritzenhoff & Breker Serie Doppio creme Frühstücksteller 3,29 € inkl. ges. MwSt. 19% Neuheiten Biergläserset Beer Export Geschenkset für Männer 8,12 € inkl. ges. MwSt. 19% Getränkespender 7,5L sortiert 18,20 € inkl. ges. MwSt. 19% Grillzange, verchromt 21,17 € inkl. ges. MwSt. 19% Über Uns Seit 2007 über 1 Million zu friedene Kunden! Kontakt Information shoppingpoint24.com Ein Unternehmensbereich von AFB Elektronik oHG - Fulfillment Dienstleister Lösungen für Hersteller für Lieferanten für Einkäufer für Wiederkäufer - - - QUICKLINKS Neue Produkte Top Seller Specials Hersteller Händler % Sale Kundenservice UNSER SERVICE Kontakt Lieferung Widerruf Zahlungsarten AGB Reklamation Impressum Twitter © 2017 AFB Elektronik OHG / Alle Rechte vorbehalten × Suche Verwenden Sie das Suchfeld um Ihr Produkt zu finden. Go × Login Sie müssen sich zuerst einloggen oder ein Benutzerkonto erstellen Anmelden Registriren Zertifikat prüfenKäuferschutzbedingungenAlle Bewertungen Impressum Datenschutz–MinimierenShoppingPoint24×KäuferschutzSie können sich nach dem Einkauf für die kostenlose Trusted Shops Mitgliedschaft Basic anmelden, inkl. Käuferschutz bis je 100 € für den aktuellen Einkauf sowie für Ihre weiteren Einkäufe in deutschen Shops mit dem Trusted Shops Gütesiegel.Mit Trusted Shops PLUS (inkl. Garantie) werden Ihre Einkäufe sogar bis je 20.000 € durch den Käuferschutz (inkl. Garantie) abgesichert, für 9,90 € pro Jahr inkl. MwSt. bei einer Mindestvertragslaufzeit von 1 Jahr. Die Absicherungsdauer des Käuferschutzes pro Einkauf beträgt in beiden Fällen 30 Tage.Es gelten die Mitgliedschafts- und Käuferschutzbedingungen.Zertifiziertseit 19.09.2008Käuferschutzbis zu 20.000 €×KundenbewertungenDie Note „Sehr gut“ berechnet sich aus den 135 Trusted Shops Bewertungen der letzten 12 Monate, die im Bewertungsprofil eingesehen werden können.10.752KundenbewertungenSehr gut4.52/5.0007.03.2017Hat alles super funktioniert27.07.2017Günstige Ware zu fairen Versandbedingungen08.03.2017Alles gut"
149,shopthebbar.com,"shopthebbar.com - Diese Website steht zum Verkauf! - Informationen zum Thema books about blogging how to start a blog.shopthebbar.comDomain erwerbenSie können die Domain shopthebbar.com für 499 USD vom Inhaber kaufen.Diese Webseite wurde vom Domain Inhaber dynamisch generiert, der das Sedo Domain Parking Programm nutzt. Die auf dieser Seite automatisiert bereitgestellten Werbeanzeigen kommen von dritter Seite und stehen mit Domain-Inhaber oder Sedo in keiner Beziehung. "
150,shuyao.de," shuyao tee shop | fernöstliche tee kultur aus düsseldorf news | neu hier? | teepedia | standortfinder shuyao ganz in ihrer nähe sie finden shuyao inzwischen bei zahlreichen partnern in ganz deutschland – und darüber hinaus! einfach ranzoomen, adresse notieren und besuchen kommen. nichts in ihrer nähe gefunden? dann lassen sie uns wissen, wo sie shuyao gerne hätten ! mal sehn, ob wir da was machen können … shuyao verkaufsstelle hier gibts heißes wasser für den teamaker umsonst... deutschland deutschland schweiz luxemburg spanien österreich city city Bad Dürkheim Düsseldorf Garching Köln Leipzig Möhnesee Paderborn Posthausen aachen bad kreuznach berlin bochum bremerhaven bönnigheim cuxhaven dachau dormagen dortmund dresden düsseldorf elgersburg erbach erbes-büdesheim essen esslingen frankfurt frankfurt freudenberg gelnhausen hage/lütetsburg hagen halle (saale) hamburg hannover harsefeld heidelberg karlsruhe kassel kerken kerpen kiel konstanz köln leverkusen ludwigsburg ludwigshafen meerane meerbusch meerbusch-büderich meinersen memmingen mettmann münchen münster münster-hilltrup ochsenhausen petersdorf quickborn ratingen recklinghausen rostock saarbrücken seelbach sindelfingen speyer st. augustin stuttgart vellmar waldshut-tiengen werne wetter wielenbach wiesbaden willingen-upland witten würzburg shuyao stores bitte store auswählen keine stores gefunden up down 100% bio superfood my shuyao login neu anmelden Warenkorb 0 Artikel € 0,00 Ihr Warenkorb ist derzeit leer tee tee vielfalt übersicht nach teeklassen grüner tee weisser tee oolong tee schwarzer tee pu erh tee tee ohne koffein nach wirkung inspiration entspannung gleichklang tatendrang energiebündel nach geschmack mild elegant fruchtig blumig erfrischend herb nussig malzig würzig erdig tee sets fernöstlich traditionell lecker & innovativ gross & klein fit & schön fan selection tee to go unterwegs tee to go teamaker alle farben zubehör to go sets zum starten tee reisen Empfehlung beaut-tea to go tee geschenke nach saison advent fit für die schule lukullisch muttertag ostern valentinstag für unentschlossene geschenkefinder gutscheine tee reisen nach lebenslagen wetterlage meine familie meine gesundheit tee accessoires chinesische dosen glas geschirr ton geschirr steingut geschirr porzellan geschirr teezeremonie Empfehlung wichteln mit tee tee themen für gross & klein schwangerschaft nachhaltig geniessen chinesisches horoskop bleib fit & schön abnehmen gesund ernähren koffein im tee trink lecker & gesund ingwertee superfood gemüsetee kaffee oder tee? eistee wintertee Empfehlung abnehmen mit tee shuyao blog >> shuyao teeberater trinke am liebsten tee früchte und kräuter tee früchte und kräuter tee für groß und klein, jung und alt, sind gerade früchtetees das beliebteste heissgetränk ohne koffein. ein perfekter durstlöscher, der gesund ist und vielfalt bietet. manchmal bleibt nur der natürliche geschmack auf der strecke, ist doch schade, oder? denn nur die volle frucht, das ganze kräuterblatt sowie das sichtbare stück gewürz entwickelt volles aroma und die ganze wirkung, die im f... http://www.shuyao.de/trinke-am-liebsten/tee/fruechte-und-kraeuter-tee/?force_sid=cb67bbe8343d0730c4c22b99dd7e3ad2 aromatisierter tee aromatisierter tee jetzt mal ehrlich: das filet essen sie doch auch nicht mit ketchup, oder? warum geben sie dann der vielfalt der natur keine chance, und damit ihrer gesundheit? es gibt in der teekultur so ziemlich alles und für jeden geschmack, ohne künstliche aromen und naturbelassen. trauen sie sich, sie werden sich wundern, was shuyao für sie komponiert. denn erst kommt der geschmack, dann die wunderbare ... http://www.shuyao.de/trinke-am-liebsten/tee/aromatisierter-tee/?force_sid=cb67bbe8343d0730c4c22b99dd7e3ad2 roibusch tee roibusch tee gehexeltes buschwerk als trägermaterial für künstliche aromen in 500 sorten. worüber wir reden? roibusch tee. wir bei shuyao reden über das ganze teeblatt, über die geschmacksvielfalt der natur, über die nachhaltige gesundheitliche wirkung, über mehrere aufgüsse, die für den ganzen tag versorgen – ganz ohne bitternoten bei geschmacklichem hochgenuss mit fernöstlicher teekultur von ... http://www.shuyao.de/trinke-am-liebsten/tee/roibusch-tee/?force_sid=cb67bbe8343d0730c4c22b99dd7e3ad2 ayurvedischer tee ayurvedischer tee henne oder ei? wir wollen uns ja nicht streiten, ob die indische heillehre ayurveda vor der traditionellen chinesischen medizin war oder umgekehrt. ist auch egal, denn wie alle antiken naturlehren dieser welt geht es darum, körper und geist im gleichgewicht zu halten, um die lebenskräfte zu stärken. und die seele natürlich auch. deshalb gibt’s bei shuyao nichts ohne wirkung – solange de... http://www.shuyao.de/trinke-am-liebsten/tee/ayurvedischer-tee/?force_sid=cb67bbe8343d0730c4c22b99dd7e3ad2 tee mit milch tee mit milch hat sich noch nicht rumgesprochen? milch im schwarzen tee hebt dessen positive wirkung auf die herzgefäße wieder auf, leider. aber ihr geschmack ist könig. denn es geht um genuss. wir wollen ihnen unbedingt zeigen, dass schwarze tees auch pur ein hochgenuss sein können. dazu braucht es qualität und alternativen. beides haben wir bei shuyao teekultur. und wenn es sein soll, auch milch. http://www.shuyao.de/trinke-am-liebsten/tee/tee-mit-milch/?force_sid=cb67bbe8343d0730c4c22b99dd7e3ad2 tee mit zucker tee mit zucker hand aufs herz: schmeckt der tee, den sie da trinken? oder muss er mit zucker trinkbar gemacht werden, weil er ja gesund sein soll? trifft nicht zu? gut. dann sind sie ein kleines schleckermaul, das überflüssige pfunde locker wegsteckt. naja, auf jeden fall haben wir eine gute nachricht, denn die vielfalt der natur ist so groß, dass für jeden etwas dabei ist, was auch pur schmeckt. be... http://www.shuyao.de/trinke-am-liebsten/tee/tee-mit-zucker/?force_sid=cb67bbe8343d0730c4c22b99dd7e3ad2 eistee eistee nicht überall wo tee drauf steht, ist auch tee drin. bei rund 30 zuckerwürfeln pro glas ist das auch nicht mehr relevant. und ja, wir sind beim fertigen eistee. süss und kalt, das geht natürlich, aber besser in maßen. an heissen tagen löscht warm und purer genuss am besten den durst. kalt und süss haben wir auch zu bieten. aber hausgemacht und ohne zucker. kurz gesagt: erfris... http://www.shuyao.de/trinke-am-liebsten/tee/eistee/?force_sid=cb67bbe8343d0730c4c22b99dd7e3ad2 andere rotwein rotwein dem genuss sind wir nie abgeneigt. das liegt der teekultur im blut, die asiaten haben es bislang nur exklusiv gehalten und uns mit teebeuteln abgespeist. doch damit ist spätestens schluss, seit spitzenköche den geschmack des teeblatts für sich entdeckt haben. und überraschung, die teekultur hat mit der weinkultur mehr als eine gemeinsamkeit. genuss ohne reue und kalorien, nun, da hat die sh... http://www.shuyao.de/trinke-am-liebsten/andere/rotwein/?force_sid=cb67bbe8343d0730c4c22b99dd7e3ad2 weisswein weisswein was dem franzosen sein champagner, ist dem chinesen sein oolong tee und dem japaner sein grüner tee. von hand in den besten teegärten geerntet, mit wissen von generationen verarbeitet, erreichen die besten des jahrgangs in auktionen schwindelerregende höhen. das sollte man spätestens dann schätzen lernen, wenn ein geneigter geschäftspartner ein kleines döschen mit tee überreicht – als... http://www.shuyao.de/trinke-am-liebsten/andere/weisswein/?force_sid=cb67bbe8343d0730c4c22b99dd7e3ad2 suche tee für meinen tag start in den tag start in den tag keine ausreden mehr. mit fernöstlicher teekultur klappt der erfolgreiche start in den tag, egal wie der persönliche biorhythmus gerade tickt: morgenmuffel werden in den tritt gebracht, hyperaktive in effiziente bahnen gelenkt, ausgeglichene glückspilze dürfen sich direkt dem genuss widmen. nur gut, dass ein vorteil für alle gilt: jeder bekommt bei shuyao seinen geschmack ab. http://www.shuyao.de/suche-tee-fuer/meinen-tag/start-in-den-tag/?force_sid=cb67bbe8343d0730c4c22b99dd7e3ad2 stressige zeiten stressige zeiten sie tanzen auf allen hochzeiten und merken, dass sie dennoch nichts auf die reihe bekommen? willkommen in der stressfalle. höher, schneller, weiter. was eigentlich unsere leistung steigern soll, kehrt sich plötzlich gegen uns und legt uns lahm. diese erkenntnis ist schon der erste weg zur besserung. shuyao teekultur hilft, die konzentration zurückzugewinnen, stressfallen vorzubeugen und das ... http://www.shuyao.de/suche-tee-fuer/meinen-tag/stressige-zeiten/?force_sid=cb67bbe8343d0730c4c22b99dd7e3ad2 durchhänger durchhänger wir übersetzen gerne zwischen ihnen und ihrem körper: „du nimmst mehr als du mir gibst“. ein klarer hilferuf ihres körpers. wenn es nur ab und an das nachmittagsloch ist, dem kann schnell geholfen werden. wenn‘s doch öfters vorkommt, unterstützt shuyao teekultur dabei, dass körper und geist genug nahrung erhalten – bei voller geschmacksgarantie. und wenn sie wollen, auch dauerhaft. http://www.shuyao.de/suche-tee-fuer/meinen-tag/durchhaenger/?force_sid=cb67bbe8343d0730c4c22b99dd7e3ad2 feierabend feierabend sie haben die freie wahl zwischen entspannen, genießen und die seele baumeln lassen. tja, jetzt liegt es nur noch an ihnen, das gedankenkarusell auszuschalten - das handy vielleicht gleich mit – die freie zeit im hier und jetzt zu nutzen, neue energie zu tanken, um den nächsten tag wieder kraftvoll starten zu lassen. „genieße das jetzt, um das morgen zu meistern“ mit shuyao teekultur, ... http://www.shuyao.de/suche-tee-fuer/meinen-tag/feierabend/?force_sid=cb67bbe8343d0730c4c22b99dd7e3ad2 lange nächte lange nächte unverhofft kommt oft, mal wieder ausgelassen sich die nacht um die ohren schlagen. jetzt nur den toten punkt überwinden, sonst wird‘s wieder nix. shuyao teekultur weiss rat und tat, und noch viel besser: damit’s am nächsten morgen nicht ganz so schlimm wird, kann auch schon vorgebeugt werden. gewusst wie, die natur hat eingerichtet, dass wer feiern auch noch arbeiten kann. balance halten ... http://www.shuyao.de/suche-tee-fuer/meinen-tag/lange-naechte/?force_sid=cb67bbe8343d0730c4c22b99dd7e3ad2 meine familie schwangerschaft schwangerschaft eines der größten wunder der natur. jetzt geht’s darum, dem körper alles zu geben. damit mutter und kind nicht nur optimal versorgt sind, sondern die zeit auch in vollen zügen genießen können. ohne reue, denn leider verdoppelt sich nicht alles. der gefühlte appettit zwar schon, aber der konkrete bedarf leider nicht. teekultur macht‘s etwas einfacher und umsorgt dabei mutter und kind. http://www.shuyao.de/suche-tee-fuer/meine-familie/schwangerschaft/?force_sid=cb67bbe8343d0730c4c22b99dd7e3ad2 kinder kinder ist schlecht für die zähne, macht dick und ist ungesund. wollten wir das früher hören, wenn uns die lust auf süsses vorenthalten wurde? ganz ehrlich, wollen wir das heute noch nicht. süsses ist eben auch elixier für die seele. und völliger verzicht frustriert. teekultur bietet gesunde durstlöscher ohne kalorien, fruchtige vielfalt und kann mit coolness faktor punkten. und überra... http://www.shuyao.de/suche-tee-fuer/meine-familie/kinder/?force_sid=cb67bbe8343d0730c4c22b99dd7e3ad2 schüler schüler nicht für die schule, sondern für das leben lernen wir. wenn dem so ist, freut’s seneca. uns übrigens auch. umso wichtiger, kopfarbeit zu unterstützen, konzentration und aufnahmefähigkeit zu beflügeln, leistungsabfall zu vermeiden und prüfungsstress zu durchstehen. und dabei das recht auf genuss und zerstreuung nicht zu vergessen. denn alles zu seiner zeit, wie goethe schon wusste und ... http://www.shuyao.de/suche-tee-fuer/meine-familie/schueler/?force_sid=cb67bbe8343d0730c4c22b99dd7e3ad2 sportler sportler schneller, höher, weiter. länger fehlt noch, denn marathon ist ja zum breitensport geworden. was hat jetzt shuyao teekultur damit zu tun? alles! tee ist natürliches doping. ganz legal. er füllt nachhaltig den energiespeicher, unterstützt den muskelaufbau und beugt dehydrierung vor, der häufigsten ursache für erschöpfung und leistungsabfall. ganz nebenbei wird noch fett verbrannt. ... http://www.shuyao.de/suche-tee-fuer/meine-familie/sportler/?force_sid=cb67bbe8343d0730c4c22b99dd7e3ad2 lebensmitte lebensmitte ist es nicht herrlich? man muss sich nichts mehr beweisen, wird gelassen und weise. gut so, jetzt noch ein bisschen mehr achtsamkeit auf seinen körper legen, die körperliche und geistige fitness will schon gepflegt sein. einiges nimmt ab, aber etwas gutes, sehr gutes, nimmt zu: das immunsystem profitiert besonders stark von den positiven pflanzlichen wirkstoffen. also, tee trinken, und von de... http://www.shuyao.de/suche-tee-fuer/meine-familie/lebensmitte/?force_sid=cb67bbe8343d0730c4c22b99dd7e3ad2 meine gesundheit abnehmen abnehmen „was quält ist nicht gesund“, wusste schon hildegard von bingen, und doch quälen wir uns durch alle diätmoden, die es gibt. jojo effekt inklusive. überflüssige pfunde durch versteckte kalorien vermeiden sowie stoffwechsel und fettverbrennung anregen, reicht eigentlich schon aus. so einfach die theorie. jetzt mal zur praxis und wie shuyao teekultur dazu verhelfen kann, den körper in fo... http://www.shuyao.de/suche-tee-fuer/meine-gesundheit/abnehmen/?force_sid=cb67bbe8343d0730c4c22b99dd7e3ad2 magen magen eigentlich kann er viel ab und meldet sich erst, wenn’s einfach nicht mehr geht. völlegefühl, blähungen und krämpfe setzen uns dann außer gefecht. ist unsere verdauung erst mal geschwächt, dann kann unser körper nicht mehr ausreichend versorgt werden. höchste zeit, unsere körpermitte mit shuyao teekultur wieder auf die sprünge zu helfen, damit sich’s wieder gut anfühlt. http://www.shuyao.de/suche-tee-fuer/meine-gesundheit/magen/?force_sid=cb67bbe8343d0730c4c22b99dd7e3ad2 kopfschmerzen kopfschmerzen meldet sich meist am nachmittag als schmerz, der unseren kopf in die zange nimmt. in der tcm werden kopfschmerzen als überhitzung des geistes gedeutet, ausgelöst durch stress und überforderung. oder man hat‘s am vorabend übertrieben und bekommt jetzt die quittung. beidem kann shuyao teekultur helfen, den geist zu kühlen und den körper zu erfrischen, damit sich der spannungsschmerz löst... http://www.shuyao.de/suche-tee-fuer/meine-gesundheit/kopfschmerzen/?force_sid=cb67bbe8343d0730c4c22b99dd7e3ad2 immunsystem immunsystem unser körper bezwingt, regeneriert und repariert ein leben lang. wenn die körperenergie im fluss ist, gar kein problem. wenn nicht, kann er uns nicht mehr schützen und die erkältung bricht durch. was wir dagegen tun können: ihm das zuzuführen, was er braucht, nämlich energie. und das zu lassen, was ihn schwächt: also alles, was energie raubt. shuyao teekultur hilft energieräuber auszug... http://www.shuyao.de/suche-tee-fuer/meine-gesundheit/immunsystem/?force_sid=cb67bbe8343d0730c4c22b99dd7e3ad2 lust lust liebe geht durch den magen. dem können wir im namen der teekultur nur zustimmen. das feuer muss entfacht bleiben, dafür gehen chinesen über haifischflossen und seepferdchen. das ganze gibt’s bei uns artenschutz gerechter und auch günstiger. dabei, die frauen wissen das, ist’s doch am ende reine gefühlssache. aber auch die kann unterstützt werden, shuyao teekultur weiss rat und tat fü... http://www.shuyao.de/suche-tee-fuer/meine-gesundheit/lust/?force_sid=cb67bbe8343d0730c4c22b99dd7e3ad2 bestimmte wetterlage heisse tage heisse tage endlich sonne und laue nächte, balsam für die seele. ein knochenjob für den körper, denn die körpertemperatur muss in balance gehalten werden, damit der kreislauf stabil bleibt. das schafft er nur mit unserer hilfe, also viel trinken. mit eiswürfeln gekühlt bringt zwar kurzzeitig erfrischung, doch unser körper wird in die knie gezwungen, denn die differenz gilt es ja auszugleichen. geht... http://www.shuyao.de/suche-tee-fuer/bestimmte-wetterlage/heisse-tage/?force_sid=cb67bbe8343d0730c4c22b99dd7e3ad2 kalte tage kalte tage leider kein winterphänomen mehr, sondern ganzjährig zu erleben. temperaturschwankungen von um die 10 grad lassen uns gefühlt auch im sommer frösteln, weil der körper so schnell gar nicht reagieren kann. jede unterstützung ist jetzt gefragt, um energie für den kraftakt und zusätzliche wärme zu spenden. nur wenn das immunsystem intakt und vital bleibt, gibt’s keine (sommer) erkältung... http://www.shuyao.de/suche-tee-fuer/bestimmte-wetterlage/kalte-tage/?force_sid=cb67bbe8343d0730c4c22b99dd7e3ad2 grau in grau grau in grau irgendwann fällt da jedem die decke auf den kopf. grau in grau ohne sonnenstrahl gibt’s auch kein gute laune enzym, wenn der speicher leergefegt ist. jetzt sind alle sinne gefragt, um das kopftheater mit sonne zu durchleuchten. blüten und aromen, die betören und erhellen. shuyao hat tief in die zauberkiste der teekultur gegriffen und tee kompositionen hervorgeholt, die schon am kaiserhof d... http://www.shuyao.de/suche-tee-fuer/bestimmte-wetterlage/grau-in-grau/?force_sid=cb67bbe8343d0730c4c22b99dd7e3ad2 mein liebster tee ist hier ähnliche tees finden shuyao bestseller orange cassia* bio 107. orange cassia* bio der glühtee schwarzer tee mit orangen- und hagebuttenschalen, deren duftiger geschmack mit wohltuenden gewürznoten von zimt und nelken abgerundet wird. exklusive tee komposition mit schwarzem tee in loser blattqualität und 100% naturreinen zutaten, der to go über den tag versorgt und mit seinem belebenden yang wesen dir kraft für den tag gibt. t-hacks + tipps - besonders geeignet für smoothies, glühtee und t-cocktails. schon gewusst lange konntest du dich gegen die erkältungsviren wehren, aber nun ist es geschehen: dich fröstelt’s, und kopf und glieder schmerzen, die nase läuft, der hals kratzt. hildegard ... mehr matcha veggie*** bio tee 157. matcha veggie*** bio tee der ausfeger ungeschältes zucchini gemüse unterstreicht die fein würzige spinatige tasse von matcha und senchablatt von grünem tee . das kraftstrotzende grüne trio fegt körper und geist von allem frei, was nicht mehr hingehört. exklusive tee komposition in blattqualität mit grünem tee , der to go über den tag versorgt und mit seinem kühlenden yin wesen deinen geist für den tag erfrischt. t-hacks + tipps - 10 min. ziehen lassen, damit sich geschmack und vitalstoffe voll entfalten können. auch geeignet für smoothies, eistee, eiswürfel und t-cocktails. schon gewusst? naturreines detox unterstützt ... mehr pu erh chai** bio tee 141. pu erh chai** bio tee der anheizer etwas orient im reich der mitte: feuriger chai trifft auf heißen pu erh tee – der lässt niemanden kalt und hinterlässt nachhaltigen eindruck von würziger note. exklusive tee komposition in blattqualität mit pu erh tee, der to go über den tag versorgt und mit seinem wärenden yang wesen dir neue energie verleiht. schon gewusst? beim pu erh tee bleibt das koffein bei der überfermentierung, d.h. wenn die teeblätter über längere zeit gelagert werden, auf der strecke. dadurch erhält er auch sein wärmendes yang wesen - ohne munter zu machen. zutaten * : pu erh tee (50%), gewürze (50%, zimt, i... mehr ginger apple* bio tee 113. ginger apple* bio tee der knack-frische wem die scharfe ingwer knolle zuviel ist, der bekommt halt noch was zum knacken oben drauf: fruchtigen apfel. das schmeckt dann in etwa so: süss-fruchtig-knackig-lecker. damit auch ingwer einsteiger auf ihre powerknolle kommen. exklusive tee komposition in blattqualität ohne koffein, der to go über den tag versorgt und mit seinem ausgleichenden yin/yang wesen dir harmonie für den tag verschafft. t-hacks + tipps - besonders geeignet für smoothies, eistee, eiswürfel und t-cocktails. schon gewusst? ingwer. diese wundersam aussehende kleine powerknolle war schon konfuzius liebling: gingero... mehr newsletter Über shuyao 123 edel & exklusiv teamaker mit metallic luxusdruck cremiger oolong + würziges chai der leckerschmecker tee mehr beau-tea! im floralen teamaker to go lieblingtees des jahres zum entdecken & verlieben klassischer teegenuss in der teeliebhaber box beutellos fürs wichteln 5x für einen tag wohlfühlgenuss Headline of glossar entry zu teepedia Verbinden mit Shuyao: Fan werden Pin it Videos & Tipps Folge uns Kreis hinzufügen Shuyao auch zu finden bei: Neu bei shuyao? Neu hier? warum bittert tee nicht nach? Was ist 1x Tagesportion? warum bis zu 5x aufgießen? was ist drin im shuyao tee? ist der teamaker dicht shuyao services Newsletter Login Neu anmelden agb impressum Datenschutz Widerrufsrecht shuyao b2b werbemittel teeklatsch partner werden kontakt hast du fragen oder anregungen? dann kannst du gerne unseren kundenservice kontaktieren: +49 (0)211 669697 400 (montag bis freitag von 9 bis 12 uhr) kontakt@shuyao.com Zahlung Versand weltweit Shuyao Kundenzitate Shuyao in der Presse Shuyao für Firmen inspiriert von der fernöstlichen Teehauskultur und deren Lebensweisheiten, gründete Nicola Baumgartner in 2006 das Markenkonzept Shuyao, was so viel heisst wie: ""ein ort zum verweilen, um die sorgen des alltags hinter sich zu lassen"". Die Diplom-Kauffrau entdeckte während einer einjährigen Asienreise ihr Interesse an der fernöstlichen Kultur und beschloss, ihre Konzernkarriere aufzugeben und den Schritt in die Selbstständigkeit zu wagen. Im Oktober 2006 eröffnete mit der Shuyao Teelounge an der Kö das Flagship. Als kombiniertes Gastronomie- und Einzelhandelskonzept macht Shuyao Teelounge die 5000jährige Teekultur in die Moderne übersetzt erlebbar: ein Ort der Ruhe und Entspannung, um eine kleine Auszeit vom Alltag zu nehmen. Die fernöstliche Teekultur ist weltweit die älteste. Da verwundert es nicht, dass Tee aus dem fernöstlichen Alltag nicht mehr wegzudenken und das Nationalgetränk der Chinesen ist. Die traditionelle Teekultur wird heute noch in Form von Teezeremonien abgehalten. Diese finden in privaten Räumlichkeiten oder in Teehäusern statt. Wie in der fernöstlichen Teetradition üblich, werden lose Teeblätter in eine Kanne gegeben und mit heissem Wasser übergossen, was mehrfach wiederholt wird. Die Teezeremonie ist ein wichtiges gesellschaftliches Ereignis: Gäste und Geschäftspartner werden zum Zeichen der Wertschätzung mit hochwertigem Tee bewirtet. Jede Teesorte kann, je nach Fermentierungsgrad (Welkungsgrad), einer bestimmten Teeklasse zugeordnet werden. Unterteilt werden die Teeklassen in Grün, Weiss, Oolong, Schwarz und Pu Erh. Jede Teeklasse hat einen unterschiedlichen Wirkungsgrad gemäss der Elementenlehre der traditionell Chinesischen Medizin. Während Grüner Tee für Inspiration sorgt, wirkt der Weisse Tee eher entspannend. Um im Gleichklang zu bleiben empfiehlt sich der Oolong Tee. Tatendrang bewirkt Schwarzer Tee und ein Energiebündel ist der Pu Erh. Innerhalb dieser Teeklassen gibt es vielfältige Variationen. Durch die Verwendung verschiedener, natürlicher Zutaten entsteht ein ganz neuer Geschmack: Zu den Blättern werden naturreine Blüten, Früchte und Gewürze hinzugefügt, wie zum Beispiel Rosenblätter, Orangenblüten oder Zimt und Kardamon. Shuyao bietet mehr als 150 traditionell verarbeitete teesorten in blattqualität an. Blattqualitäten werden traditionell in Handarbeit gepflückt und verarbeitet, um das ganze Blatt zu erhalten und damit den vollen Geschmack und Wirkungsgrad. “beschleunigen durch entschleunigung“ - mit fernöstlicher Teekultur unsere informationen rund um teekultur und unsere zutaten werden nach bestem wissen und gewissen weitergegeben und sind keinesfalls als diagnose- oder therapieanweisung zu verstehen. sie können keinen arztbesuch ersetzen und bei verdacht auf erkrankungen konsultiere bitte deinen arzt oder apotheker. wir übernehmen keine haftung für schäden irgendeiner art, die direkt oder indirekt aus der verwendung der angaben entstehen. shuyao übersetzt die philosophie der 5000jährigen fernöstlichen teekultur für den modernen alltag. © 2006 – 2016 Shuyao all rights reserved. nutzungsbedingungen. datenschutzerklärung. "
151,silberkanne.de," Silberkanne Onlineshop | Silber & Versilbertes Mein Konto | Warenkorb | Kasse [Erweiterte Suche] Startseite » Katalog Sterling, echt Silber 925 (639)Versilbert, Silber Plated (831)Silber Bestecke Wilkens (1652)Silberglas Bauernsilber (12) Willkommen zurück! E-Mail-Adresse: Passwort: Passwort vergessen? Newsletter-Anmeldung E-Mail-Adresse Informationen WiderrufsbelehrungImpressum & KontaktSitemapWarenkundePressebereichVerweiseUnser LadengeschäftPaketverfolgung / Kostenfreie RetourenWichtige KundeninformationenFirmenkundeDatenschutzHinweise zur BatterieentsorgungWiderrufsformularAGBVersandkosten & LieferungZahlung und Versand Für jeden Anlass das richtige Geschenk! In unserer Silberwaren - Kollektion finden Sie eine umfangreiche Auswahl an Accessoires für Büro, Haushalt & Wohnen, die sich auch als Trophäe bei sportlichen Wettkämpfen eignen. Vom Kugelschreiber über das Teeservice in der Rubrik Tafelsilber bis hin zum Bilderrahmen erhalten Sie bei uns langlebige Produkte, die ein zeitlos schönes Design haben. Klassisch - Modern - International Wir garantieren Ihnen eine hervorragende Qualität der einzelnen Produkte und eine schnelle Lieferung. Sie suchen Werbegeschenke für Mitarbeiter und Kunden? Wir haben die Kapazität, auch in großen Mengen jederzeit schnell zu liefern. Nun laden wir Sie herzlich dazu ein, in unserer Silberkanne zu stöbern. Sie werden für jeden Anlass das passende Geschenk finden, ob zum Jubiläum, zur Hochzeit oder zu jedem anderen schönen Ereignis. Kostenfreier Versand innerhalb Deutschlands ab 35 Euro Bestellwert. Zahlung via PayPal, Sofortüberweisung, auf Rechnung via BillSAFE, via Amazon Payments, Nachnahme oder Vorkasse mit 5% Skonto . Das Bearbeitung und Versendung von Retouren ist selbstverständlich für Sie kostenlos. Aus unserem Silberwaren - Sortiment Muschelschale D 12 cm versilbert Silber Plated 35,00 EUR inkl. MwSt. zzgl. Versandkosten 925 Silber Lesezeichen Schmetterling L 14 cm 63,80 EUR inkl. MwSt. zzgl. Versandkosten Hagerty Silver Polish Silberpolitur 100 ml 7,95 EUR inkl. MwSt. zzgl. Versandkosten Silberglas Bauernsilber Schale D 26 cm 170,00 EUR inkl. MwSt. zzgl. Versandkosten Bilderrahmen Silber 925 Hochzeit 18x24 cm Foto SR 363,00 EUR inkl. MwSt. zzgl. Versandkosten Lockendose Nancy D 4 cm, H 2 cm SILBER Pl. 25,40 EUR inkl. MwSt. zzgl. Versandkosten Wilkens Besteck 4 tlg Augsburger Faden Silber 925 635,00 EUR inkl. MwSt. zzgl. Versandkosten Visitenkartenetui Fadenmuster 9,5x5,5 cm Silber 925 Sterling 297,00 EUR inkl. MwSt. zzgl. Versandkosten Platzteller 31 cm Fadenmuster Silber Plated versilbert 54,90 EUR inkl. MwSt. zzgl. Versandkosten Platzteller 33 cm Perlrand Silber plared versilbert 69,90 EUR inkl. MwSt. zzgl. Versandkosten Butterglocke Ente mit Messer D14 cm SILBER pl. 41,90 EUR inkl. MwSt. zzgl. Versandkosten Pillendose Hamburg 4x6 cm 2 Fächer Silber Plated versilbert 38,00 EUR inkl. MwSt. zzgl. Versandkosten Schmuckdose Ballerina Spieluhr Silber Plated versilbert 59,90 EUR inkl. MwSt. zzgl. Versandkosten *Alle Preise inkl. MwSt und zzgl. Versandkosten * Gilt für Lieferungen nach Deutschland. Lieferzeiten für andere Länder und Informationen zur Berechnung des Liefertermins siehe hier.xtcModified ©2017 provides no warranty and is redistributable under the GNU General Public LicenseeCommerce Engine 2006 based on xt:Commerce"
152,smellissimo.de," Duftkerzen jetzt online kaufen | smellissimo.de Sehr gut4.92/5.00Zertifiziert seit 07.07.2016×Zertifizierter Shop Um smellissimo in vollem Umfang nutzen zu können, empfehlen wir Ihnen Javascript in Ihrem Browser zu aktiveren. Bonuspunkte Shop Bonuspunkte Shop Service / Hotline Sie erreichen uns Mo. - Fr. 8:00 - 16:00 Uhr HOTLINE Deutschland 0800 329 351 9 HOTLINE international +49 (0) 931 329 351 94 Schreiben Sie uns eine E-Mail Newsletter Trusted Shop zertifiziert Hotline 0800 329 351 9 Versandkostenfrei ab 20 EUR in DE & AT Menü Suchen Suchen Mein Konto Warenkorb 0 0,00 € * WeihnachtsmarktYankee CandleCountry CandleWoodWickMillefioriMax BenjaminRaum- & AutodüfteBath & BodyLieblingsdingeGeschenkeWäscheduftAngebote Weihnachtsmarkt Yankee Candle Kollektionen Enjoy the Simple Things Perfect Christmas Fall in Love Viva Havana Coastal Living Pure Essence Mehr... Dufttarts Dufttarts Duftlampen elektrische Duftlampen Mehr... Kerzen 104 g Housewarmer 411 g Housewarmer 623 g Housewarmer Perfect Pillar Säulenkerzen Sampler Teelichte Mehr... Raumdüfte Duftstecker Scenterpiece Easy MeltCups Scenterpiece Warmers Fragrance Spheres Signature Reeds Mehr... Scenterpiece Easy MeltCups Scenterpiece Warmers Autodüfte Car Vent Sticks 3er Packs Bonus Packs Car Jar Singles Smart Scent Vent Clips Ultimate Gel Mehr... Geschenke Geschenksets Scentiments Geburt und Taufe Hochzeit Geschenkverpackung Mehr... Special Editions USA Düfte Valentinstag Barber Shop Scentiments Mehr... Accessoires Enjoy the Simple Things Accessoires Perfect Christmas Accessoires Schirme & Teller Duftlampen elektrische Duftlampen Illuma Lids Samplerhalter Sleeves Teelichthalter Spheres- & Pillarhalter Windlichter & Laternen Mehr... Country Candle DayLights Large Jars WoodWick Kollektionen Gallerie Hourglass HearthWick Flame Inspirational Collection Trilogy Mehr... Millefiori Kollektionen Aria Body Style Essentials Hydro Laundry Millefiori Candles Natural Selected Via Brera Zona Mehr... Reeds Natural Reeds 100 ml 250 ml Via Brera Reeds 100 ml 250 ml Nachfüllungen 150 ml 250 ml Stäbchen Mehr... Mehr... Wäscheduft Bügelwasser Waschmittel Weichspüler Textilerfrischer Duftsäckchen Duftkarten aus Kautschuk Mehr... Autodüfte Icon Animalier Car Air Freshener Classic Car Air Freshener Cuori e fiori Car Air Freshener Metallo Shiny Car Air Freshener Metallo Mat Car Air Freshener Urban Car Air Freshener Car Air Freshener Nachfüllungen Mehr... Go ""Go"" Basis schwarz ""Go"" Basis bunt ""Go"" Nachfüllungen Mehr... Duftstecker Aria Basis-Stecker Aria Duftfläschchen Duftartikel Rondò Armband Rondò Traforato Armband Klingò Schlüsselanhänger Quadò - Notizbücher Mehr... Duftkerzen Via Brera Millefiori Candles Hydro Hydro wasserlösliche Duftöle Hydro Ultraschall Aromazerstäuber Hydro Duftlampen Mehr... Körperpflege Flüssigseifen Duschgel Körpercrème Handcrème Mehr... Raumsprays Natural Via Brera Max Benjamin Kollektionen Amalfi Collection Classic Collection Coffee Collection Gold Collection Tea Collection Mehr... Duftkerzen Classic Collection Coffee Collection Gold Collection Tea Collection Mehr... Reeds Classic Collection Coffee Collection Tea Collection Reed Nachfüllungen Mehr... Körperpflege Bath & Body Schrank- & Autoduft Duftkarten Raum- & Autodüfte Autodüfte Duftbäume Lüftungsclips Bahama & Co. Driven Mehr... Gelperlen & Raumsprays Gelperlen Raumsprays Katalytische Düfte Lampair Duftlampen Startersets Öle & Melts für Duftlampen Duftöle wasserlöslich Dufttarts Produkte für die Steckdose Basisstecker Millefiori Duftfläschchen Millefiori Duftstecker Yankee Candle Nachfüllungen Yankee Candle Scenterpiece-Düfte Scenterpiece Warmer Mehr... Produkte für Textilien Weichspüler Waschmittel Duftsachets Duftsäckchen Duftkarten aus Kautschuk Mehr... Reeds Reeds inkl. Vasen Nachfüllungen Bath & Body Duschen Duschgele von Millefiori Cremen & Pflegen Bodylotions von Millefiori Duschgel & Lotion Sets Bath & Body Sets von Max Benjamin Hände waschen Flüssigseifen von Millefiori Hände pflegen Handcremes von Millefiori Lieblingsdinge Accessoires Weihnachtsdeko Weekender, Kultur-, Waschbeutel & Co. Tabletts Schlüsselanhänger Dies & Das Duftlampen Glücksbringer Deko-Teller Teelicht- & Samplerhalter Trinkgläser Mehr... Bath & Body Seifen Duschgele Bodylotion Wash & Lotion Sets Handcreme Mehr... Feuerzeuge Hausmarke Stabfeuerzeuge Kerzenpflege & Aufbewahrungsboxen Aufbewahrungsboxen Dochtdipper Dochtscheren Kerzendoktor Mehr... parfümierte Artikel Armbänder mit Duft Notizbücher mit Duft Schlüsselanhänger mit Duft Mehr... Wäsche Bügelwasser Duftkarten Duftsachets Textilerfrischer Wäschesäckchen Weichspüler & Waschmittel Mehr... Geschenke Geschenksets Adventskalender Nikolaus & Weihnachten Stiefelfüller ganzjährig Mehr... Geschenkgutscheine ganzjährige Motive zum Geburtstag zu Nikolaus zu Weihnachten Mehr... Geschenkideen Nikolaus-Stiefel & Geschenksäcke Für Sie Für Ihn Geburtstag Duschgele & Bodylotions Geschenksets Seifen & Handcremes Themenkerzen Wäschedüfte Schmuck Mehr... Hochzeit Düfte Grußkarten Kartenhalter Mehr... Geburt & Taufe Düfte Grußkarten Kartenhalter Mehr... Geschenkverpackungen Geschenkboxen Yankee Candle Grußkarten & Kartenhalter Dufte Grüße Grußkarten Kartenhalter Mehr... Wäscheduft Duftkarten- & säckchen Duftkarten Duftsachets Duftsäckchen Mehr... Waschmittel & Weichspüler Waschmittel Weichspüler Wäschedüfte Bügelwasser Textilerfrischer Angebote -35% Sale -25% Sale: Yankee Candle Düfte des Monats -20% Sale: Yankee Candle limited Editions smellissimo Angebote  Menü schließen Kategorien Weihnachtsmarkt Yankee Candle Country Candle WoodWick Millefiori Max Benjamin Raum- & Autodüfte Bath & Body Lieblingsdinge Geschenke Wäscheduft Angebote Düfte des Monats -25% Duftnoten A-Z Blog Informationen0800 - 329 351 9 Kontakt Newsletter Geschenkgutscheine Einkaufen vor Ort Bonus-Punkte Informationen Impressum Aktions- & Vorteilsinformationen Country Candle Hot Chocolate Yankee Candle Düfte des Monats Yankee Candle Weihnachten 2017 1 2 3 Flowers in the Sun Sampler 49 g 2,65 € * (inkl. ges. MwSt. zzgl. Versand) Inhalt 49 Gramm (5,42 € * / 100 Gramm) Max Benjamin Dodici Body Wash & Lotion 38,88 € * (inkl. ges. MwSt. zzgl. Versand) Inhalt 0.5 Liter (77,76 € * / 1 Liter) NEU Country Candle Blueberry Muffin 2-Docht 652 g 29,90 € * (inkl. ges. MwSt. zzgl. Versand) Inhalt 0.652 Kilogramm (45,86 € * / 1 Kilogramm) Millefiori Natural Sea Shore Reed 100 ml 21,90 € * (inkl. ges. MwSt. zzgl. Versand) Inhalt 100 Milliliter Duftkerzen, Raumdüfte und Accessoires – Smellissimo Wir nehmen unsere Umgebung mit allen Sinnen wahr – doch der Geruchssinn ist wohl der Bedeutendste von allen. Beispielsweise entscheidet bei der ersten Begegnung mit einem Menschen der unbewusst wahrgenommene Geruch darüber, ob man einander sympathisch ist. Auch beim Betreten eines Raumes entscheiden wir mit unserer Nase innerhalb eines Augenblicks, ob wir uns wohlfühlen. Doch Gerüche und Düfte können noch mehr. Das Gehirn verknüpft damit Erinnerungen und ruft sie automatisch wieder ab, wenn wir einen speziellen Duft wahrnehmen. Schaffen Sie sich positive Erinnerungen mit neuen und wohlbekannten Duftnoten – Smellissimo bietet mit unzähligen Duftkerzen, Raumdüften und Duftaccessoires für jeden Geschmack das passende Dufterlebnis. Marken-Duftkerzen bei Smellissimo – beduften Sie Ihr Zuhause Im Sortiment von Smellissimo erhalten Sie vielfältige Duftkerzen und andere Duftprodukte bekannter Markenhersteller. Dazu zählen: Yankee Candle WoodWick Max Benjamin Millefiori Ein atemberaubend großes Sortiment an Duftkerzen im Glas – sogenannte Housewarmer – hält die Marke Yankee Candle für Sie bereit. Lassen Sie sich von intensiven Düften wie Midnight Jasmine, Fresh Cut Roses, Clean Cotton oder Vanilla Cupcake begeistern. Von süß bis würzig, von erfrischend bis betörend ist für jeden Anlass und jede Stimmung die passende Duftkerze verfügbar. Die durchgefärbten Duftkerzen liefern vom ersten Anzünden bis zum kompletten Abbrennen stets die gleiche Duftintensität. Ergänzend finden Sie im Smellissimo Angebot attraktive Säulenkerzen, sparsame Teelichter, Dufttarts und Scenterpiece-Produkte für elektrische Duftlampen sowie passgenaue Accessoires für Ihre Yankee Candle Duftkerzen. Sie lieben das leise Knistern von Holzscheiten im Kamin und möchten dieses Gefühl nicht nur im Herbst und Winter genießen? Dann sind unsere WoodWick Duftkerzen genau das Richtige für Sie. Im Glas oder in der Kerzendose präsentiert, verfügt jede Duftkerze dieses Herstellers über einen qualitativen Holzdocht. Dieser erzeugt beim Verbrennen ein leises Knistergeräusch, das zum Wohlfühlen einlädt. Aus natürlichem Sojawachs und wunderbar duftenden ätherischen Ölen hergestellt, entfalten WoodWick Kerzen ihr Aroma wesentlich schneller als andere Produkte. Darüber hinaus ermöglichen Sie – bei richtiger Verwendung – eine bessere und saubere Verbrennung. Max Benjamin bietet ein umfassendes Programm, wenn es um die Beduftung von Räumen, Textilien und des eigenen Körpers geht. Von zauberhaft arrangierten Duftkerzen im Glas oder der Kerzendose über Reeds und Autodüfte bis hin zu Schrankdüften und Körperpflegeprodukten haben Sie die freie Auswahl an Aromen für Ihre persönliche Wohlfühloase. Der Hersteller Max Benjamin setzt bei seinen Duftkerzen auf eine Kombination natürlicher Wachse aus Soja und Kokosnuss sowie Bienenwachs. Die hochwertigen Rohstoffe und das firmeneigene Herstellungsverfahren ermöglichen dabei eine sehr lange Brenndauer. Das wohl vielfältigste Sortiment zur Raumbeduftung bietet das Mailänder Unternehmen Millefiori, das bereits seit den 90er Jahren hochwertige Duftkerzen in zahlreichen Duftnoten produziert. Die originellen Ideen zur Beduftung werden individuell auf den jeweiligen Einsatzbereich abgestimmt, um für Sie das beste Dufterlebnis zu kreieren. Das Smellissimo Angebot dieses Herstellers umfasst Duftkerzen, Duftstecker, wasserlösliche Düfte (Hydros), Reeds und Raumsprays für jedes Zimmer. Darüber hinaus führen wir Autodüfte, Wäschedüfte, bedufteten Schmuck und Accessoires sowie Körperpflege von Millefiori, sodass Sie Ihren Lieblingsduft immer und überall dabei haben. Yankee Candle – die Nr. 1 in Sachen Duftkerzen Tauchen Sie ein in die Welt von Yankee Candle, dem größten Duftkerzenhersteller der USA. Die Geschichte des mittlerweile weltweit agierenden Unternehmens begann 1969 mit einer Idee des damals 16-jährigen Michael Kittredge. Er kreierte aus Wachsresten eine Kerze für seine Mutter und weckte damit auch das Interesse von Nachbarn und Freunden. Mit zwei seiner High School Freunde gründete er daraufhin ein Unternehmen zur Duftkerzenherstellung – bereits 1975 eröffnete der erste Yankee Candle Shop. Für die einzigartig duftenden Kerzen werden bis heute ausschließlich natürliche Aromen genutzt, wobei jedes Produkt durchgängig mit einem Duft versetzt wird. Für jede Jahreszeit, jeden Anlass und jeden Raum stehen die passenden Duftnoten zur Auswahl. Dank einer extrem langen Brenndauer von bis zu 150 Stunden (bei den großen Housewarmern) bieten Yankee Candle Duftkerzen ein optimales Preis-Leistungsverhältnis. Nutzen Sie die tollen Produkte für Ihr Zuhause oder als Geschenk für einen besonderen Menschen. Vielfältige Duftkerzen für jeden Anwendungsbereich Duftkerzen bieten die optimale Möglichkeit stimmungsvolles Licht mit einem angenehmen Wohlfühlaroma zu verbinden. Im Vergleich zu herkömmlichen Kerzen duften sie bereits vor dem Anzünden ganz wunderbar und verströmen auch nach dem Entflammen das ausgesuchte Aroma im gesamten Raum. Sie können Duftkerzen für vielseitige Zwecke nutzen, beispielsweise zum Neutralisieren unangenehmer Gerüche wie Rauch oder Fett. Auch zur intensiven Raumbeduftung mit Ihren Lieblingsaromen lässt sich eine Duftkerze hervorragenden einsetzen. Je nach Hersteller und Größe der Kerze kann ein hochwertiges Produkt bis zu 150 Stunden brennen und so seinen aromatischen Duft verströmen. Ob formschöne Duftkerzen im Glas oder einer Kerzendose, Modelle mit knisterndem Holzdocht oder komplett feuerfreie Dufttarts für eine elektrische Duftlampe – bei Smellissimo haben Sie die freie Auswahl für Ihr Zuhause. Raum- und Autodüfte verleihen einem Ort Charakter In unserem Sortiment finden Sie neben Duftkerzen noch weitere vielfältige Produkte zur Raumbeduftung wie Duft-Diffuser, elektrische Duftlampen, Votivkerzen und Teelichter sowie spezielle Autodüfte. Sie bevorzugen eine dauerhafte Duftabgabe, die Sie individuell an die Größe Ihrer Zimmer anpassen können? Dann sind unsere Reed-Diffuser eine gute Wahl. Die Anzahl der in Duftöl getränkten Holzstäbchen kann beliebig variiert werden, um die Duftintensität zu steigern oder zu reduzieren. So wird Ihr Lieblingsduft gleichmäßig über mehrere Monate abgegeben. Für eine schnelle Beduftung nach Bedarf bieten sich elektrische Duftlampen an, die mit sogenannten Dufttarts bestückt werden. Diese werden durch Erwärmen geschmolzen und verströmen dadurch ihren betörenden Raumduft. Greifen Sie lieber auf einen Klassiker zurück, sind Votivkerzen eine wunderbare Alternative. Sie verflüssigen sich beim Abbrand vollständig und sollten daher immer mit einem passenden Kerzenglas verwendet werden. Kombinieren Sie nach Bedarf mehrere Votivkerzen miteinander, um sie als Dekoration zu nutzen und eigene Duftkompositionen zu kreieren. Ideal für kleine Zimmer und das Badezimmer sind Teelichter mit individuellen Duftnoten. Achten Sie jedoch darauf, sie nicht zu löschen, wenn bereits mehr als die Hälfte heruntergebrannt ist. Häufig lassen sie sich danach nicht mehr anzünden. Möchten Sie sich auch in Ihrem Auto wie zuhause fühlen, können Sie auf das Smellissimo Angebot an Autodüften zurückgreifen. Von einfachen Duftkarten und Anhänger über Figuren mit verschiedenen Düften bis hin zu Systemen mit austauschbarem Duft bieten wir eine vielfältige Auswahl von Yankee Candle und Millefiori. Traumhaftes Wäscheparfüm für angenehme Frische Haben Sie Ihren Lieblingsduft gefunden, möchten Sie ihn nicht nur in den eigenen vier Wänden wahrnehmen, sondern am liebsten den ganzen Tag dabei haben. Mit den Wäscheparfüms in unserem Angebot ist das problemlos möglich. Bringen Sie das gewünschte Aroma bereits beim Waschen auf die Textilien – mit Waschmittel und Weichspüler namhafter Markenhersteller. Für die Beduftung der bereits gewaschenen Wäsche bieten sich kleine Duftsäckchen und Duftkarten an, die Sie ganz einfach in Ihrem Kleiderschrank unterbringen können. So profitieren Sie bereits bei der Kleiderwahl am Morgen von den angenehmen Düften Ihrer Wahl. Bath & Body – fühlen Sie sich wohl in Ihrer Haut Sie lieben frischen Duft nicht nur in Ihrem Zuhause, sondern auch auf der eigenen Haut? Dann haben wir von Smellissimo genau das Richtige für Sie: unser Körperpflege Sortiment. Reinigen Sie Ihre Haut mit Duschgelen und Seifen von Millifiori und Max Benjamin, um sie anschließend mit reichhaltigen Handcremes und Lotionen angenehm zu pflegen. Die Hersteller sind bekannt für ihre Produktentwicklung ohne Tierversuche, sodass wir sie gern unterstützen. Smellissimo – bester Service rund um Duftkerzen & Co. Mit unserem Motto „Enjoy the little things“ möchten wir Sie in die wunderbare Welt von Smellissimo entführen und Ihnen die Entwicklung eines komplettes Raumbeduftungskonzepts für Ihr Zuhause ermöglichen. Unsere kompetente Beratung stützt sich auf jahrzehntelange Erfahrung und unser schneller Service bietet alles, was Sie für die Bestellung Ihrer Duftkerzen benötigen. Profitieren Sie ab 20 € Bestellwert von einer versandkostenfreien Lieferung und nutzen Sie eine unserer vielfältigen Zahlungsarten wie PayPal, amazon pay, Rechnungskauf oder Kreditkarte. Wir freuen uns darauf, Sie bei der perfekten Raumbeduftung zu unterstützen. Kundenservice 0800 - 329 351 9 Versand per DHL versandkostenfrei ab 20 Euro Schnelle Lieferung 1-3 Werktage Bequem bezahlen Rechnung, Kreditkarte, Paypal... Sicher einkaufen 100% SSL verschlüsselt Newsletteranmeldung Ausgezeichnet smellissimo.de ist Trusted Shops zertifiziert Follow Us Blog Rufen Sie uns an Beratung & Unterstützung unter:0800 - 329 351 9Mo.-Fr. 8:00 bis 16:00 Uhr Service Einlösehilfe für Gutschein Kontakt Newsletter Geschenkgutscheine Einkaufen vor Ort Bonus-Punkte Informationen Aktions- & Vorteilsinformationen Gästebuch Rechtliche Informationen AGB Widerrufsrecht Lieferung, Versand, Zahlung Hinweise zum Datenschutz Impressum Hinweise zur Rücknahme von Altbatterien Bildhinweise Zahlungsarten Kontakt Newsletter Geschenkgutscheine Einkaufen vor Ort Bonus-Punkte Informationen Impressum Aktions- & Vorteilsinformationen smellissimo.de | ENJOY THE LITTLE THINGS Hello and Goodbye! Alles bleibt beim Neuen! Unser Shop ist gewachsen und hat einen neuen Namen bekommen: aus yankee.de wurde smellissimo.de! Sonst hat sich nichts geändert - außer, dass wir Sie auf smellissmo.de mit noch mehr himmlischen Düften verwöhnen: Duftkerzen von Max Benjamin und Raumdüfte von Millefiori sowie stilvolle Deko und edle Accessoires warten auf Sie. © yankee-online exklusive Duftkerzen e.K. | * Alle Preise inkl. gesetzl. Mehrwertsteuer zzgl. Versandkosten und ggf. Nachnahmegebühren, wenn nicht anders beschrieben Zertifikat prüfenKäuferschutzbedingungenAlle Bewertungen Impressum Datenschutz+Maximieren×SchließenSehr gut4.92/5.00Zertifizierter ShopZertifikat prüfenKäuferschutzbedingungenAlle Bewertungen Impressum Datenschutz–Minimierenwww.smellissimo.de×KäuferschutzSie können sich nach dem Einkauf für die kostenlose Trusted Shops Mitgliedschaft Basic anmelden, inkl. Käuferschutz bis je 100 € für den aktuellen Einkauf sowie für Ihre weiteren Einkäufe in deutschen Shops mit dem Trusted Shops Gütesiegel.Mit Trusted Shops PLUS (inkl. Garantie) werden Ihre Einkäufe sogar bis je 20.000 € durch den Käuferschutz (inkl. Garantie) abgesichert, für 9,90 € pro Jahr inkl. MwSt. bei einer Mindestvertragslaufzeit von 1 Jahr. Die Absicherungsdauer des Käuferschutzes pro Einkauf beträgt in beiden Fällen 30 Tage.Es gelten die Mitgliedschafts- und Käuferschutzbedingungen.Zertifiziertseit 07.07.2016Käuferschutzbis zu 20.000 €×KundenbewertungenDie Note „Sehr gut“ berechnet sich aus den 1.151 Trusted Shops Bewertungen der letzten 12 Monate, die im Bewertungsprofil eingesehen werden können.2.108KundenbewertungenSehr gut4.92/5.00Patricia D14.10.2017bin wie immer begeistert von der Qualität und der Auswahl der Produkte. Werde auf jeden Fall wieder bei Ihnen bestellen.18.10.2017Alles wunderbar sonja r03.07.2017alles super"
153,softair-professional.de," Softair Professional | Airsoft Deutschland Shop Home Ihr Konto Warenkorb Kasse Showroom/Verkaufsbüro Startseite » Katalog Kategorien Softair 6-8mmMunitionZubehörMagazineAkkus / Gas / CO2Netzteile / LadestationenErsatzteilsetsPflegemittelBekleidungAusrüstungMesserGeschenkgutscheinedrytechPatches Bewertungen Angegebene Lieferzeit 1-2 Wochen hab die AUG nach 5 Tagen be .. Suche Erweiterte Suche » Angebote Magazin für M85 / MAGM85 Statt 7,33 EUR Nur 6,60 EUR incl. 19 % UST exkl.VersandkostenVersandkosten Mehr über... StartseiteLiefer- und VersandkostenPrivatsphäre und DatenschutzWiderrufsrechtUnsere AGB'sGutscheineTeamorderWeihnachtsaktionVerkaufsbüroKontaktImpressum Informationen KundeninformationenSicherheitshinweiseWaffenrechtlichesMobile AppSitemap Werde Fan bei Facebook und bleibe auf dem Laufenden Warenkorb Sie haben noch keine Artikel in Ihrem Warenkorb. Hersteller Bitte wählenA&KA.C.M.A.E.G.AGMAirsoft Innovat..Airsoft SystemsAMWELLAnsmannAPS Airgun Ltd.ARESARMYASGBALLISTOLBEBeta ProjectBGSBIOVALBLACK WOLFBohemia ASBOYICAA AIRSOFT DIV..CAWClassic Army Sp..ColdSteelCondor OutdoorCRKT®CYBERGUNCYMADOUBLE EAGLEDragon GunsdrytechecosphereELECTRO RIVERElement AirsoftESKAFAB DEFENSEFirefoxFMAFOX KNIVES MILI..FOX OutdoorG&GG&G ArmamentGalaxyGFCGSGHAKKOTSUHaller Stahlwar..Heckler & KochHeinr. Böker Ba..HUA TAIICSIntellectITW NexusIzhmashJ&CJGJIEKEJing Gong / JGJinlunJLSJTKARTKing ArmsKJWORKSKrakman S.C.KWAMagpul PTSMarushinMARUZENMaxpeditionMechanix WearMFH INT. COMP.MWMNICONIIPH Moscow / ..NUPROLO.K.C. Ontario ..OAKLEYPhantom Int. Co..Pirate ArmsPro CompanyPRO-LINEProluxRAYLINE / HENG ..SRCSUTTER GmbHSWISS ARMSTIPPMANNTOKYO MARUITOPS KnivesUMAREXUnited Cutlery ..UTGWaltherWEI-E TECHWELLWELLFIRE Willkommen zurück! eMail-Adresse: Passwort vergessen? Neue Artikel SG226 TAN / CM.122MGTAN Statt 79,90 EUR Nur 71,91 EUR incl. 19 % UST exkl.VersandkostenVersandkosten Bestseller 01. CM030 Metal Gear / CM.030 MG Statt 84,90 EUR Nur 76,41 EURincl. 19 % UST exkl.VersandkostenVersandkosten 02. Magazin für CM.030 / MAGCM030 Statt 12,90 EUR Nur 11,61 EURincl. 19 % UST exkl.VersandkostenVersandkosten 03. DE Metal Gear / CM.121MG Statt 74,90 EUR Nur 67,41 EURincl. 19 % UST exkl.VersandkostenVersandkosten 04. Quickloader 100 / QU100BE Statt 6,90 EUR Nur 6,21 EURincl. 19 % UST exkl.VersandkostenVersandkosten 05. AUG Metal Gear / AU-1GMG Statt 169,90 EUR Nur 152,91 EURincl. 19 % UST exkl.VersandkostenVersandkosten 06. R-SC TAN Metal Gear & Body / SC01803TAMGB Statt 239,90 EUR Nur 215,91 EURincl. 19 % UST exkl.VersandkostenVersandkosten 07. G36C Metal Gear - V2 / G608MG Statt 139,90 EUR Nur 125,91 EURincl. 19 % UST exkl.VersandkostenVersandkosten 08. MK43 Metal Gear & Body / MK43MOD0MGB Statt 469,90 EUR Nur 422,91 EURincl. 19 % UST exkl.VersandkostenVersandkosten 09. Magazin für BI3281MG - 5381 / MAGBI3281MG5381 Statt 14,90 EUR Nur 13,41 EURincl. 19 % UST exkl.VersandkostenVersandkosten 10. Red Dot 30mm ProSight PS 55 / WAPS55 Statt 84,90 EUR Nur 76,41 EURincl. 19 % UST exkl.VersandkostenVersandkosten Kundengruppe Kundengruppe:Gast Willkommen bei Softair-Professional.de Herzlich Willkommen Gast! Möchten Sie sich anmelden? Oder wollen Sie ein Kundenkonto eröffnen? ACHTUNG! 10% AUF ALLES! Ab heute, den 1. Advent bis 15.01.2018 veranstalten wir den: WINTER-WUNDER-WEIHNACHS-WAHNSINN! Während dieser Zeit gibt es: 10%!* Rabatt auf ALLES! Wir wünschen Euch eine schöne, friedliche ... und lustige ;) Weihnachtszeit! Viel Spaß beim stöbern und einkaufen! Euer Pro-Line Team *Diese Rabattaktion gilt für den Webshop www.softair-professional.de. Auf manche Artikel kann es mehr Rabatt geben. Andere Rabatte / Gutscheine sind nicht mit dieser Rabattaktion kombinierbar. Eine komplette oder teilweise Auszahlung der Rabatte ist ausgeschlossen. Der Rechtsweg ist ausgeschlossen. Neue Artikel SP 45 TAN / CM.125MGTAN Statt 84,90 EUR Nur 76,41 EUR incl. 19 % UST exkl.VersandkostenVersandkosten SG226 TAN / CM.122MGTAN Statt 79,90 EUR Nur 71,91 EUR incl. 19 % UST exkl.VersandkostenVersandkosten HC 45 / CM.128MG Statt 74,90 EUR Nur 67,41 EUR incl. 19 % UST exkl.VersandkostenVersandkosten HC 45 TAN / CM.128MGTAN Statt 79,90 EUR Nur 71,91 EUR incl. 19 % UST exkl.VersandkostenVersandkosten DE Metal Gear TAN / CM.121MGTAN Statt 79,90 EUR Nur 71,91 EUR incl. 19 % UST exkl.VersandkostenVersandkosten CM127 Metal Gear TAN / CM.127MGTAN Statt 79,90 EUR Nur 71,91 EUR incl. 19 % UST exkl.VersandkostenVersandkosten C 45 TAN / CM.123MGTAN Statt 79,90 EUR Nur 71,91 EUR incl. 19 % UST exkl.VersandkostenVersandkosten Magazin (HighCap) für UAR 501 - TAN / HCMAGUAR501TAN Statt 16,90 EUR Nur 15,21 EUR incl. 19 % UST exkl.VersandkostenVersandkosten Magazin (HighCap) für UAR 501 - Black / HCMAGUAR501BLK Statt 16,90 EUR Nur 15,21 EUR incl. 19 % UST exkl.VersandkostenVersandkosten Based on YAML © 2005-2007 by Dirk Jesse | xt:Commerce Template © 2006-2007 by Björn Teßmann in association with t3net.de XHTML | CSS | Programming by Constantin Ritter von Xylander © 2007 | Content © Pro-Line Toys & Funsport Equipment e.K. 2007 eCommerce Engine © 2006 xt:Commerce ShopsoftwareParse Time: 0.087s"
154,spar-mit.com," Spar mit! Reisen - Kurzurlaub mit dem Auto - hier Urlaub günstig buchen Your browser blocks some 3rd party cookies by default. By clicking on this page you allow our partner Criteo to place its cookies and serve personalized ads. You can read more or disable Criteo ads here. This notice only appears once. About Criteo Cookies Collapse Kontakt Über uns Über Spar mit! Reisen Das Unternehmen Sponsoring Partnerprogramm Service Kontakt Gästebewertung Rückruf anfordern Reisegutschein Newsletter Reiseführer Team Jobs 1.131 Angebote in 680 Partnerhotels Reisegutscheine Reisethemen Top 5 Familienurlaub Musicals und Shows Städtereisen Wellnessurlaub Wellness-Wochenenden Alle Reisethemen von A bis Z Berge, Wälder Bierreisen Borussia Mönchengladbach Einzelzimmer ohne Zuschlag Erlebnisreisen Eventreisen Ferienwohnungen Freizeitparks und Zoos Gartenschauen Gärten und Parks Kulturreisen Meer und Strand Outlet-Shopping Preiskracher Romantikurlaub Schlösser, Burgen, Klöster Seen, Flüsse Silvester Sommerurlaub Weihnachtsmärkte Winterurlaub Reiseziele Deutschland Allgäu Bayerischer Wald Bodensee Erzgebirge Franken Harz Lüneburger Heide Mecklenburgische Seenplatte Nordsee Oberbayern Ostsee Rhön Sauerland Schwarzwald Thüringer Wald Deutschland: alle Reiseziele Frankreich Champagne Elsass Juragebirge Paris Vogesen Frankreich: alle Reiseziele Italien Adria Comer See Gardasee Lago Maggiore Südtirol Toskana Venetien Italien: alle Reiseziele Niederlande Amsterdam Limburg Nordsee Niederlande: alle Reiseziele Österreich Bregenzerwald Hohe Tauern Kärnten Salzburger Land Tirol Österreich: alle Reiseziele Polen Ostsee Niederschlesien Tschechien Böhmerwald Erzgebirge Riesengebirge Westböhmen Tschechien: alle Reiseziele Alle Länder Belgien Großbritannien Kroatien Luxemburg Portugal Schweiz Slowenien Spanien Ungarn Neue Angebote Top 50 Reisen Newsletter Schnellsuche Los Detailsuche Region, Ort AdendorfAhlbeckAlmereAltenahrAltenbergAmenoAmmerschwihrAnkaranApelernAsendorfAuerstedtAulendorfBad BevensenBad BirnbachBad BockletBad DoberanBad DürrheimBad FrankenhausenBad FredeburgBad FüssingBad Füssing-KirchhamBad GasteinBad GöggingBad GriesbachBad HersfeldBad HindelangBad HofgasteinBad KissingenBad KohlgrubBad Königshofen im GrabfeldBad KösenBad KreuznachBad LiebensteinBad LippspringeBad MalenteBad MeinbergBad MergentheimBad MuskauBad OeynhausenBad OldesloeBad OrbBad Peterstal-GriesbachBad ReichenhallBad SachsaBad SäckingenBad SalzuflenBad SassendorfBad SchandauBad SodenBad StaffelsteinBad StebenBad SuderodeBad SulzaBad WildbadBad WildungenBad WilsnackBad WindsheimBad WörishofenBaden-BadenBadenweilerBaiersbronn-MitteltalBaiersbronn-SchönmünzachBaiersbronn-SchwarzenbergBalatonalmádiBalatonfüredBallenstedtBanzkowBautzenBayreuth-BindlachBeatenbergBelfortBenneckensteinBergenBergheimBerkel-EnschotBersteland OT NiewitzBertsdorf-HörnitzBezauBiersdorf am SeeBingenBirkendorfBischofsgrünBlankenburgBlombergBoario TermeBodenmaisBoltenhagenBoppard-Bad SalzigBornBozi DarBraunlageBraunschweigBreegeBregenzBreisach am RheinBreitenbrunnBrotterodeBudweisBurgBurgh-HaamstedeBuzetCaerano S. MarcoCarnacCelleCerviaCeská LípaChebChodová PlanáCoburgCoevordenColmarCrikvenicaDe HaanDe KoogDelftDiemelsee-HeringhausenDinkelsbühlDobrnaDoloDomburgDonaueschingenDörpenEbbsEglofsEgmond aan ZeeEhingenEibenstockElfershausenEllrich-SülzhaynEltvilleEmsingEpernayErbendorfErdingErlbachErnst an der MoselEsslingenEsthalFalkensteinFeldberg (Schw.)FilderstadtFlorenzFontainebleauFrankenriedFrankenthalFrankfurt/MainFranzensbadFrauenauFrauenwaldFreudenstadtFriedrichrodaFriedrichshafenFulpmesFüssenGaimersheim bei IngolstadtGamprin-BendernGarmisch-PartenkirchenGavorranoGentGeraGersfeld (Rhön)GothaGoudaGrafenauGröditzGroßrückerswaldeGuebwillerGummersbachGünzburgGuyancourtHaguenauHall in TirolHallstadt bei BambergHamelnHarderwijkHarrachovHausen-RothHavelbergHeidenheimHeilbad HeiligenstadtHeilbronnHenkenhagenHerbolzheimHerriedenHerzogenaurachHévizHildesheimHodenhagenHofheim-DiedenbergenHopfgartenIglsIjmuidenIngolstadtInzellIzolaJenaJershöftJeverKaatsheuvelKaprunKarlsbadKasselKaysersbergKehlKemmernKemptenKißleggKolbergKolberger DeepKonstanzKonzKorswandtKortelshütteKudowa ZdrójKulmbachLa Petite PierreLahnstein bei KoblenzLamLangenhagenLe ValtinLeinfelden - EchterdingenLeipzig / WachauLentiLevico TermeLiberecLignanoLimbiateLimoneLisberg-TrabelsdorfLjubljanaLöfLohr am MainLoketLörrachLoßburgLovranLöwensteinLuinoLuxembourgLyonMalbuissonMali LosinjMarienbadMasserbergMatreiMaurach am AchenseeMeeraneMerseburgMespelbrunnMetzMiddelhagenMisdroyMittelberg am RittenMittelzellMitterfirmiansreutMöllbrückeMönchengladbachMontopoli Val d'ArnoMoravske TopliceMorsbronn-les-BainsMosbachMovárMüdenMuggendorfMühlhausenMulhouseMünchen-ParsdorfMutzigNaumburgNebraNesNeualbenreuthNeuendettelsauNeuf-BrisachNeukirchenNeukirchen/PleißeNeumarktNeustadt an der WeinstrasseNeustadt in SachsenNeustrelitzNieder-MoosNiederaudorfNiederbronn-Les-BainsNienburgNizzaNördlingenNova RoleNový BorNürtingenOberaudorfOberbozen-RittenOberhaslachOberhofObernaiOberstaufenOberwiesenthalOffenburgOleggio CastelloOostkapelleOttobeurenPapueraPec pod SnezkouPertisau am AchenseePfrontenPidingPilsenPodcetrtekPorecPortorozPostojnaRadebergRadebeulRadstadtRangersdorfReesRemagen-OberwinterRheinsbergRidderkerkRimske TopliceRingelaiRiva del GardaRogaska SlatinaRomkerhallRosenheimRotenburg an der FuldaRotterdamRötzRouenRouffachRowyRüdesheimRügenwaldeRühstädtRumburkSaalfeldSaas-FeeSaazSallneckSankt EnglmarSankt Peter-OrdingSantpoortSasbachwaldenScheveningenSchkopauSchmalkaldenSchmallenbergSchneizlreuthSchneverdingenSchwielowseeSeebrüggeSeiffenSindelfingenSinsheimSlagharenSoligoSpindlermühleSpornitzSrníStadskanaalStadtrodaStarigrad-PaklenicaStaufenSterzingStockachStockelsdorfStolpmündeStralsundStrassburgStresaStummSwieradow ZdrójSwinemündeSylt/RantumTapolcaTeistungenTemplinTitiseeTodtmoosTodtnauTönningToscolano MadernoTremosineTrevisoTribergTrois-EpisTübingenTuheljUhlstädt-KirchhaselUnterreichenbachValkenburg aan de GeulVareseVenedig-LidoVerona-VillafrancaVillandersVisegrádVölklingenVonyarcvashegyVöranVughtWaldachtalWalsrodeWarenWarnemündeWeinheimWemdingWerlWernigerodeWeyhausen-WolfsburgWiekWieslochWillebadessenWillingenWohlmirstedtWolfegg-AlttannWolfshagenWürzburgZeistZelezná RudaZorgeZürich-RegensdorfAachenAdria (HR)Adria (I)Adria (SL)AllgäuAlpenAlpenvorlandAltmarkAltmühltalAmsterdamAntwerpenArberAugsburgBad SalzigBaden-WürttembergBalatonBambergBaselBayerisch SchwabenBayerische AlpenBayerische VoralpenBayerischer WaldBayernBayreuthBerchtesgadener LandBergisches LandBergstraßeBerlinBerner OberlandBitburgBochumBodenseeBöhmerwaldBonnBoppardBrandenburgBregenzerwaldBreisgauBremenBretagneBrüsselBudapestBurgenlandkreisChampagne-ArdenneChemnitzChiemgauChiemgauer AlpenCochem-ZellCote d'AzurCottbusDalmatienDarmstadtDessauDiemelseeDonau (D)DortmundDrautalDreiländereck (A)Dreiländereck (D)DrentheDresdenDuisburgDüsseldorfEdertalEggegebirgeEichsfeldEifelEisenachElbe (D)ElsassEmslandErfurtErzgebirge (CZ)Erzgebirge (D)EssenFichtelgebirgeFlandernFlevolandFranche-ComtéFrankenFrankenwaldFrankfurtFränkische AlbFränkische SchweizFränkisches WeinlandFreiburgFrieslandFriesland (D)FuldaGardaseeGasteinertalGelderlandGelsenkirchenGoslarHaarstrangHalle (Saale)HamburgHannoverHarburgHarzHavellandHegauHeidekreisHeidelbergHeiligkreuzHessenHinterlandHochrheinHochsauerlandHochschwarzwaldHohe TauernHolsteinische SchweizHotzenwaldIle-de-FranceInnInnerkrainInnsbruckInntalInsel AmelandInsel LosinjInsel ReichenauInsel RügenInsel TexelInsel WolinIsergebirgeIstrienJuragebirgeKärntenKielKinzigtalKoblenzKölnKraichgauKurpfalzKvarnerKyffhäuserLago D’OrtaLago MaggioreLamer WinkelLeipzigLienzLimburgLipper BerglandLipperlandLissabonLombardeiLondonLoreleyLothringenLübeckLudwigslust-ParchimLüneburgLüneburger HeideLurnfeldLuxemburgMagdeburgMailandMainMainzMallorcaMannheimMarkgräflerlandMecklenburg-VorpommernMecklenburgische SeenplatteMeißenMillstätter SeeMittelfrankenMittelrheinMittelrheintalMitteltransdanubienMittlerer SchwarzwaldMölltalMoselMünchenMünsterMünsterlandNagoldtalNahelandNeckarNeckartalNiederbayerisches BäderdreieckNiederbayernNiederrheinNiedersachsenNiederschlesienNord-BrabantNord-HollandNordbalatonNordböhmenNordfriesische InselnNordfrieslandNordhessenNördlinger RiesNordrhein-WestfalenNordschwarzwaldNordseeNordseeküsteNordungarnNordwestmecklenburgNormandieNürnbergOberallgäuOberbayernOberes MittelrheintalOberfrankenOberharzOberhausenOberkärntenOberlausitzOberpfalzOberpfälzer WaldOberrheinOberschwabenOdenwaldOrtaseeOrtenauOsnabrückOst-FlandernOstallgäuOstbayernOsterzgebiergeOstharzOsthessenOstholsteinOstprignitz-RuppinOstsee (D)Ostsee (PL)OsttirolOstwestfalenOstwestfalen-LippeOverijsselPaderbornParisPassauPfalzPfälzer WaldPiemontPlattenseePolnische OstseePomurskaPotsdamPragPrignitzProvinz GroningenQuedlinburgRegensburgRenchtalRennsteigRhein (D)Rhein-MoselRhein-NeckarRheingauRheinlandRheinland-PfalzRheintalRhönRhônetalRiesengebirge (CZ)RomRomantische StraßeRomantisches FrankenRostockRothaargebirgeRothenbergRottal-InnRügenRuhrgebietRustSaale-UnstrutSaarbrückenSaarlandSachsenSachsen-AnhaltSächsische SchweizSalzburgSalzburger LandSauerlandSchleswig-HolsteinSchwäbisch-Fränkischer WaldSchwäbische AlbSchwarzwaldSchwerinSiebengebirgeSpessartSpittal an der DrauSpreeSpreewaldSteigerwaldSteinwaldStraßburgStuttgartSüd-HollandSüdbadenSüdböhmenSüdeifelSüdharzSüdhollandSüdschwarzwaldSüdtirolSyltTauberfrankenTaubertalTauerntalTaunusTeutoburger WaldThüringenThüringer HolzlandThüringer WaldTirolToskanaTrentinoTrierUckermarkUlmUnterallgäuUnterfrankenUnterlandUntersteiermarkUplandUsedom (D)UtrechtVaduzVenetienVogelsbergVogesenVogtlandVorarlbergWallisWattenmeerWeimarWerdenfelser LandWeserWeserberglandWest-FlandernWestböhmenWesterzgebirgeWestfalenWestsachsenWestungarnWiehengebirgeWienWiesbadenWiesentalWiesenttalWismarWolfsburgZagorjeZagrebZeelandZentralslowenienZittauer GebirgeZugspitzeZürichZwickauBelgienDeutschlandFrankreichFürstenturm LiechtensteinGroßbritannienItalienKroatienLuxemburgNiederlandeÖsterreichPolenPortugalSchweizSlowenienSpanienTschechienUngarn Termin, Dauer egal Wahl Reiseart, Hotel egal Wahl Extrawünsche egal Wahl 0 Angebote anzeigen Reisethemen • Eventreisen • Familienurlaub • Musicals, Shows, Konzerte • Preiskracher • Seen, Flüsse • Silvester • Städtereisen • Weihnachtsmärkte • Wellness-Wochenenden • Wellnessurlaub • Winterurlaub • Alle Reisethemen Reiseziele • Allgäu • Baden-Württemberg • Bayern • Erzgebirge • Harz • Österreich • Ostsee • Schwarzwald • Thüringer Wald • Tschechien • Alle Reiseziele Das schnelle Weihnachtsgeschenk Ab in die Wellness-Oasen! Massage inklusive Therme inklusive / NR. 2264 Schwarzwald 2 Ü/HP ab 159 € WELLNESS, BERGE, WÄLDER Paket 2264 Wald, Wellness und ein Hotel mit Geschichte Freudenstadt, Wellnesshotel Palmenwald Schwarzwaldhof****SUP: Traditionsreiches Firstclass-Hotel mit super Wellnessbereich, inklusive Massage, 3-Gänge-Menüs, Kaffee und Kuchen, geführter Wanderung, Nutzung des Wellnessbereichs etc. 9.25 / 10 77 Bewertungen 20.412 Gäste seit Juli 2011 Zum Angebot Jetzt buchen ausgebucht Holiday on Ice Der beste Start ins neue Jahr! Silvester in Frankfurt Silvester mit Musical / NR. 2908 Overijssel 5 Ü/FeWo ab 329 € FEWOS, FREIZEITPARKS Paket 2908 (Ent)Spannung in Holland unterm Sombrero Slagharen / Niederlande, Ferien- und Freizeitpark Slagharen: FeWo im mexikanischen Stil am Rande des Freizeitparks in waldiger Umgebung, unbeschränkter Gratis-Zugang zu Freizeitpark, Wasserspielbad und Wasserpark, üppiges Buffet, Unterhaltungsprogramm. 9.38 / 10 26 Bewertungen 2.759 Gäste seit Aug. 2012 Zum Angebot Jetzt buchen ausgebucht Video: Heidelberg NEU Ghost Berlin 2 Ü/F ab 149 € Bodyguard Stuttgart 2 Ü/F ab 139 € Disneys ""Der König der Löwen"" Hamburg 2 Ü/F ab 149 € Newsletter Regelmäßig neue Reisepakete und Top-Angebote im Postfach. Treuebonus * 5 % bei der zweiten Reise, 10 % ab der dritten. Reisegutschein Das Geschenk, das zweimal wirkt: Urlaub für Ihre Lieben. Bezahlen Sie mit Noch Fragen? Nur zu! Täglich, auch an Feiertagen, 7.00 - 21.00 Uhr. 07621 - 91 40 111 Dürfen wir zurückrufen? Einfach hier klicken Namen und Nummer eintippen Wir melden uns blitzschnell bei Ihnen Über uns Das Unternehmen Impressum Unser Team / Jobs AGB Partnerprogramm Datenschutz Unser Service Kontakt Gästebewertung Reiseführer Rückruf anfordern Reisegutschein Rücktrittskosten-Schutz × Wir rufen gern zurück - in maximal 5 Minuten 5:00 Starten Wenn wir nicht in 5 Minuten angerufen haben, schenken wir Ihnen einen 20-Euro-Reisegutschein. Bis gleich am Telefon! × Städtereise nach Heidelberg - die sehenswerte Studentenstadt / NR. 1444 Heidelberg 2 Ü/F nur 129 € STÄDTEREISEN Paket 1444 Die Welt ist einig - Heidelberg, Du Schöne! Heidelberg, Hotel ISG***: Ruhig am Stadt- und Waldrand gelegen, Paket mit Bergbahnfahrt, Eintritt in den Schlosshof, den Fasskeller und in diverse Museen, Flammkuchen plus Getränk und kostenloser Bus- und Bahnfahrt. Kurztrip zum Knüllerpreis! 9.42 / 10 26 Bewertungen 3.347 Gäste seit Jan. 2010 Zum Angebot Jetzt buchen ausgebucht / NR. 4553 Heidelberg 3 Ü/F nur 249 € STÄDTEREISEN Paket 4553 Oben ohne - Cabrio-Sightseeing in Heidelberg Heidelberg, Hotel Bayrischer Hof***: Traditionsreiches Stadthotel direkt am Bismarckplatz, Paket inklusive Spanferkel in der Kulturbrauerei, Stadtrundfahrt im Cabrio-Bus, Schlossbesuch mit Berg- und Talfahrt, Eintritt in den Fasskeller und mehr. Neues Paketnoch keine Bewertungen Zum Angebot Jetzt buchen ausgebucht / NR. 3077 Heidelberg 2 Ü/F nur 139 € STÄDTEREISEN Paket 3077 Heidelberg - Urlaub mit Schloss und Herz Heidelberg, Leonardo Hotel Heidelberg****: Schickes Business-Hotel in Top-Lage, Paket inklusive Schnitzel, Bergbahnfahrt, Gratis-Eintritt für Schlosshof, Fasskeller und Museen, Gratis-Bus-/Bahnfahrten, Nutzung der Sauna und mehr. 9.41 / 10 49 Bewertungen 4.028 Gäste seit Jan. 2013 Zum Angebot Jetzt buchen ausgebucht Reisegarantie Ihr Geld ist bei Spar mit! Reisen 100%ig sicher: Spar mit! Reisen ist Mitglied der Swiss Travel Association der Schweizer Reisebranche. Die Swiss Travel Association bedient als Verband seit 1995 über 300 Reisebüros und touristische Unternehmungen. Ihre Aufgaben liegen vorwiegend im politischen Bereich. Sie vertritt einerseits die damit verbunden gemeinsamen Interessen und fördert andererseits die Qualität in der Reisebranche durch Informationsaustausch, Ausbildung und andere Maßnahmen. Unter www.star.ch können Sie mehr erfahren. Der Spar mit!-Treuebonus * Sie sind schon mal mit uns verreist und buchen nun erneut. Danke schön! Diese Treue belohnen wir von Spar mit! Reisen gerne: 5 % Bonus auf Ihre zweite Reise * 10 % Bonus ab Ihrer dritten Reise * * Pakete mit Konzerten, Musicals, Revuen, Shows, Theater und Fußballreisen sind vom Treuebonus ausgeschlossen. Persönliche Gültigkeit: Der Treuebonus gilt für Sie und alle Begleitpersonen, wenn Sie die Buchung auf Ihren Namen abschließen. Zeitliche Gültigkeit: Sie haben volle drei Jahre Anspruch auf den Spar mit!-Treuebonus. Wenn Sie während dieser drei Jahre erneut bei uns buchen, erneuert sich auch der Zeitraum für Ihren Treuebonus. Treuebonus nicht beansprucht: Wir können immer nachvollziehen, ob und wann Sie schon mit uns verreist sind. Auch wenn Sie die Rechnung bereits vollständig ohne Treuebonus beglichen haben, kein Problem - wir schreiben Ihnen den Treuebonus zusätzlich für Ihre nächste Reise bei uns gut. Spar mit! Reisen - Zahlungsarten Folgende Zahlungsarten stehen Ihnen zur Verfügung Rechnung (kostenfrei) PayPal * Kreditkarte (Mastercard, Visa) * * Die Gebühren für Zahlungen via PayPal, Kreditkarte richten sich nach folgender Staffelung: €0,00 - € 299,99 €5,00 €300,00 - € 499,99 €7,00 €500,00 - € 699,99 €10,00 €700,00 - €999,99 €12,00 €ab 1.000,00 €20,00 * Der Rechnungsbetrag wird erst fällig, wenn die Buchungsunterlagen auf dem Weg zu Ihnen sind. * Bei Auswahl der Zahlungsmodalität Anzahlung gilt Folgendes: Es werden 30 % des Gesamtpreises (bei Reisepaketen mit Veranstaltungen wie z. B. Musicals 70 %) auf Ihrem PayPal- oder Kreditkarten-Konto reserviert bzw. verbucht. Der tatsächliche prozentuale Anteil der Anzahlung kann um einige Prozentpunkte variieren, z. B. aufgrund zusätzlich gebuchter Leistungen, Tickets oder bei Verrechnung eines Spar mit!-Treuebonus' bzw. eines Reisegutscheines. Die Kosten für Reiserücktrittsschutz und Zusatzprodukte, wie z. B. Reiseführer, werden in voller Höhe zusammen mit der Anzahlung fällig. * Bei Auswahl der Zahlungsmodalität Gesamtzahlung gilt Folgendes: Es wird der Gesamtpreis auf Ihrem PayPal- oder Kreditkarten-Konto reserviert bzw. verbucht. Bei Einlösung eines Reisegutscheines wird die Gutschrift erst nach Prüfung durch unseren Kundenservice mit dem Gesamtpreis verrechnet. Fällig wird somit der Gesamtpreis abzüglich des Reisegutscheines. Spar mit! Reisen - Detailsuche Spar mit! Reisen - Detailsuche Spar mit! Reisen - Detailsuche Ihr gewünschter Reisetermin oder Reisezeitraum Frühester Anreisetag Dez 2017 --- Jan 2018 Feb 2018 Mär 2018 Apr 2018 Mai 2018 Jun 2018 Jul 2018 Aug 2018 Sep 2018 Okt 2018 Nov 2018 Dez 2018 --- Jan 2019 Feb 2019 Mär 2019 Apr 2019 Mai 2019 Jun 2019 Jul 2019 Aug 2019 Sep 2019 Okt 2019 Nov 2019 Dez 2019 >>> Mo Di Mi Do Fr Sa So 1 2 3 4 5 6 7 8 9 10 11 12 13 14 15 16 17 18 19 20 21 22 23 24 25 26 27 28 29 30 31 Spätester Abreisetag Dez 2017 --- Jan 2018 Feb 2018 Mär 2018 Apr 2018 Mai 2018 Jun 2018 Jul 2018 Aug 2018 Sep 2018 Okt 2018 Nov 2018 Dez 2018 --- Jan 2019 Feb 2019 Mär 2019 Apr 2019 Mai 2019 Jun 2019 Jul 2019 Aug 2019 Sep 2019 Okt 2019 Nov 2019 Dez 2019 >>> Mo Di Mi Do Fr Sa So 1 2 3 4 5 6 7 8 9 10 11 12 13 14 15 16 17 18 19 20 21 22 23 24 25 26 27 28 29 30 31 Bitte wählen Sie den gewünschten An- und Abreisetag. Auswahl löschen Auswahl speichern Spar mit! Reisen - Newsletter-Anmeldung Mit unserem kostenlosen Newsletter erhalten Sie alle 14 Tage interessante Angebote aus der Spar mit!-Urlaubswelt. Ja, ich möchte ab sofort und regelmäßig per E-Mail über aktuelle Angebote von Spar mit! Reisen informiert werden. Tragen Sie einfach Ihre E-Mailadresse in das Textfeld ein. Die E-Mail ... wurde bereits für den Spar mit! Newsletter registriert. Sie haben keine gültige E-Mail eingegeben. Bitte versuchen Sie es erneut. Bitte setzten Sie das Häkchen oben bei: ""Ja, ich möchte ..."" Bitte schauen Sie nun in Ihr E-Mail-Postfach, wir haben Ihnen an die angegebene Adresse eine Mail mit einem Bestätigungs-Link gesendet. Newsletter jetzt bestellen Möchten Sie unseren Newsletter nicht länger erhalten, benutzen Sie bitte diese Seite: Newsletter abbestellen Spar mit! Reisen - Katalog-Bestellung Lieber blättern? Schicken Sie mir bitte per Post Ihren Reisekatalog: Anrede* Herr Frau Land* Deutschland Österreich Schweiz Afghanistan Ägypten Aland Albanien Algerien Amerikanische Jungferninseln Amerikanisch-Samoa Andorra Angola Anguilla Antarktis Antigua und Barbuda Äquatorialguinea, Republik Argentinien Armenien Aruba Ascension Aserbaidschan Äthiopien Australien Bahamas Bahrain Bangladesch Barbados Belgien Belize Benin Bermuda Bhutan Bolivien Bosnien und Herzegowina Botswana Bouvetinsel Brasilien Britische Jungferninseln Britisches Territorium im Indischen Ozean Brunei Bulgarien Burkina Faso Burundi Chile China, Volksrepublik Cookinseln Costa Rica Cote d'Ivoire Dänemark Deutschland Die Kronkolonie St. Helena und Nebengebiete Diego Garcia Dominica Dominikanische Republik Dschibuti Ecuador El Salvador Eritrea Estland Europäische Union Falklandinseln Färöer Fidschi Finnland Frankreich Französische Süd- und Antarktisgebiete Französisch-Guayana Französisch-Polynesien Gabun Gambia Georgien Ghana, Republik Gibraltar Grenada Griechenland Grönland Guadeloupe Guam Guatemala Guernsey, Vogtei Guinea, Republik Guinea-Bissau, Republik Guyana Haiti Heard und McDonaldinseln Honduras Hongkong Indien Indonesien Insel Man Irak Iran Irland, Republik Island Israel Italien Jamaika Japan Jemen Jersey Jordanien Kaimaninseln Kambodscha Kamerun Kanada Kanarische Inseln Kap Verde, Republik Kasachstan Katar Kenia Kirgisistan Kiribati Kokosinseln Kolumbien Komoren Kongo, Demokratische Republik Kongo, Republik Korea, Demokratische Volkrepublik Korea, Republik Kroatien Kuba Kuwait Laos Lesotho Lettland Libanon Liberia, Republik Libyen Liechtenstein, Fürstentum Litauen Luxemburg Macao Madagaskar, Republik Malawi, Republik Malaysia Malediven Mali, Republik Malta Marokko Marshallinseln Martinique Mauretanien Mauritius, Republik Mayotte Mazedonien Mexiko Mikronesien, Föderierte Staaten von Moldawien Monaco Mongolei Montenegro Montserrat Mosambik Myanmar Namibia, Republik Nauru Nepal Neukaledonien Neuseeland Neutrale Zone Nicaragua Niederlande Niederländische Antillen Niger Nigeria Niue Nördliche Marianen Norfolkinsel Norwegen Oman Österreich Pakistan Palästinensische Autonomiegebiete Palau Panama Papua-Neuguinea Paraguay Peru Philippinen Pitcairninseln Polen Portugal Puerto Rico Réunion Ruanda, Republik Rumänien Russische Föderation Salomonen Sambia, Republik Samoa San Marino São Tomé und Príncipe Saudi-Arabien, Königreich Schweden Schweiz Senegal Serbien und Montenegro Seychellen, Republik der Sierra Leone, Republik Simbabwe, Republik Singapur Slowakei Slowenien Somalia, Demokratische Republik Spanien Sri Lanka St. Kitts und Nevis St. Lucia St. Pierre und Miquelon St. Vincent und die Grenadinen (GB) Südafrika, Republik Sudan Südgeorgien und die Südlichen Sandwichinseln Suriname Svalbard und Jan Mayen Swasiland Syrien Tadschikistan Taiwan Tansania, Vereinigte Republik Thailand Timor-Leste, Demokratische Republik Togo, Republik Tokelau Tonga Trinidad und Tobago Tristan da Cunha Tschad, Republik Tschechische Republik Tunesien Türkei Turkmenistan Turks- und Caicosinseln Tuvalu Uganda, Republik Ukraine Ungarn Union der Sozialistischen Sowjetrepubliken Uruguay Usbekistan Vanuatu Vatikanstadt Venezuela Vereinigte Arabische Emirate Vereinigte Staaten von Amerika Vereinigtes Königreich von Großbritannien und Nordirland Vietnam Wallis und Futuna Weihnachtsinsel Weißrussland Westsahara Zentralafrikanische Republik Zypern, Republik Spar mit!-Newsletter bestellen (Abmeldung jederzeit möglich: Datenschutzerklärung) Reisekatalog gratis anfordern Vielen Dank für Ihr Interesse an Spar mit! Reisen. Ihre Katalog-Bestellung ist bei uns eingegangen. Sie erhalten Ihr Gratis-Exemplar nun umgehend per Post. Neben 377 attraktiven Reiseangeboten finden Sie auch eine Menge persönlicher Tipps unserer Reiseproducer und Kollegen aus dem Service-Center. Mit freundlichem Gruß Ihr Spar mit!-Team "
155,speedit.org," Professionelle Hosting-Lösungen seit 2009 › SpeedIT Solutions .wpb_animate_when_almost_visible{opacity:1} CAll Us: +49 5139 9525263 Menu StartseiteService-AngebotHosting-LösungenPrivatkunden HostingGeschäftskunden HostingSSD & WordPress HostingServersystemeRootserver SystemeDedicated Cloud ServerSSL-ZertifikatePlesk & cPanel Lizenzen Webhosting aus DeutschlandSpeedIT SolutionsUnsere Hosting-Pakete werden nach deutschem Datenschutz in Deutschland gespeichert und verwaltet.Wir bieten günstiges Webhosting, Domains, Server & SSL-SicherheitJetzt informieren! Sichern Sie sich noch heute die eigeneWebdomainNicht nur für Firmen oder Institutionen geeignet, reservieren sich auch viele Privatkunden ihren eigenen Platz im World Wide Web. Wir bieten über 430 verschiedene Domainendungen an.Jetzt sichern! Erhöhen Sie den Datenschutz durchSSL ZertifikateSSL-Zertifikate steigern auf eine günstige aber sichere Art und Weise das Vertrauen der Besucher zu Ihnen und Ihrer Webseite.Jetzt informieren! WIR ÜBERZEUGEN DURCH UNSER AUSGEREIFTES SORTIMENT!Wir bieten nicht nur Webhosting & Server, sondern auch entsprechenden SSL- & Malwareschutz für Ihre WebseiteWas unser Hosting Ihnen standardmäßig bietet: Modernste Technik Die bahnbrechenden Intel XEON Prozessoren stehen für starke Leistung und geringen Energieverbrauch. Dies ermöglicht optimale Performance für gleichzeitige Anwendungen ohne bei der Geschwindigkeit Kompromisse eingehen zu müssen. Hochwertiger Websitebuilder Sie brauchen eine attraktive und informative Webseite, haben aber selbst keine Ahnung von Content Management Systemen (CMS)? Kein Problem – Unser Website-Builder hilft Ihnen bei der Gestaltung Ihrer Webseite. Maximale Ausfallsicherheit Jeder Server besitzt 4 identische Festplatten auf denen die Daten gespiegelt werden. Wenn ein Laufwerk ausfällt, können die Daten von der anderen Festplatte gelesen werden und es kommt zu keinem Ausfall für Kunden. Alle Systeme laufen über eine VMWare Virtualisierung um im Ausfall einen schnellen Serverwechsel zu ermöglichen. Zuverlässigkeit, Schnelligkeit und Sicherheit Debian wird von Profis auf der ganzen Welt, die über das Internet zusammenarbeiten, entwickelt. Bei gefundenen Sicherheitslücken ist so eine schnelle Fehlerbehebung durch die vielen freien Entwickler innerhalb kürzester Zeit möglich. Durch diesen Vorteil kann die dauerhafte Sicherheit auf unseren Servern garantiert werden. Wie bringe ich eine eigene Webseite Online? Erstellen Sie eine eigene Webseite mit dem Webbuilder Einfach zu verwenden -> Schnell zur eigenen Webseite! Eine Auswahl von über hundert verschiedenen Designs. Günstiges Hosting inklusive Domain + WebbuilderMehr erfahren Einfach, Sicher & Schnell. Shop-Hosting Erhöhte Datensicherheit durch SSL-Zertifikate. Einfache und schnelle Verwaltung. Günstiges Hosting mit vielen Extras.Mehr ErfahrenIhre Meinung zählt!Die Meinungen unserer Kunden sind uns sehr wichtig – Darum gehen wir offen damit um.Alle Bewertungen anzeigen > 27 Bewertungen4.37 von 5GUTEmpfehlung19.01.2017Empfehlung! 4 von 5 Sternen. Alle Bewertungen anzeigen >Top-Kompetenzen:SorgfaltErreichbarkeitFlexibilität SpeedIT Solutions Inh. Tobias Goth Asphalweg. 26 30916 Isernhagen Phone: +49 5139 95 252 63 FAX: +49 5139 95 252 64 Mail: Kontaktformular Unsere AngebotePrivatkunden HostingGeschäftskunden HostingShop HostingWordpress HostingSSD HostingRootserver SystemeFlexible Cloud ServerSSL-ZertifikatePlesk & cPanel Lizenzen InformationenWas bringen SSL-Zertifikate?Was ist Webhosting?Wie funktioniert der Providerwechsel? SpeedIT SolutionsDatenschutzUnsere AGBWiderrufsrechtImpressum Support & InfoKontaktformularAbuse melden Copyright © 2009 - 2016 SpeedIT Solutions - All rights reserved. Scroll Diese Website benutzt Cookies. Wenn Sie die Website weiter nutzen, stimmen Sie der Verwendung von Cookies zu.AkzeptierenErfahren Sie mehr "
156,spielzeughit.de," Bestellen Sie Kinder-Spielzeug online in unserem Shop >> Spielzeughit.de ab 50 € Um Spielzeughit in vollem Umfang nutzen zu können, empfehlen wir Ihnen Javascript in Ihrem Browser zu aktiveren. Spielwaren zu Schnäppchen-Preisen, auch auf Rechnung kaufen Mein Konto Merkzettel Service/Hilfe Spielzeug/Spielwaren/Lego/Playmobil/Online/Shop/Spielzeug online auf Rechnung kaufen Kontakt Versand FAQ Widerrufsbelehrung Datenschutz AGB Impressum Spielzeug/Spielwaren/Lego/Playmobil/Online/Shop/Spielzeug online auf Rechnung kaufen Kontakt Versand FAQ Widerrufsbelehrung Datenschutz AGB Impressum 0 Artikel (0,00 €*) 0 Artikel (0,00 €*) Home Themenwelten Geburtstags- und Partyartikel Stars TV Film Batman Benjamin Blümchen Bibi Blocksberg Capt`n Sharky Die Lieben Sieben Disneys Vaiana Dragons Eiskönigin Feuerwehrmann Sam Minions PAW Patrol Trolls Weitere Stars Spiele Puzzle Puzzle 150 Puzzle 9000-18000 Rahmenpuzzle 18-29 Teile Konturpuzzle Baby und Kleinkind Holzspielzeug Puppen und Plüschfiguren Puppenwagen und Zubehör Einhorn Sylvanian Families Familien Zwillinge Häuser Themen-Sets Spiel-Sets Figuren- und Möbel-Sets Cupcake Püppchen Popcake Püppchen Hatchimals Feisty Pets Sorgenfresser Dolly Moda Rollenspiele - einkaufen, kochen, werken, Polizei und Co. Schulbedarf und Schreibwaren Malen und Schreiben Malen nach Zahlen Serie Junior Serie Classic Serie C Serie D Serie E Sonderserie E Serie F Serie Pferd Serie Romantic Serie Deco Serie Trend Serie Character Serie Kontur Serie Premium Basteln Aquabeads LIGHT STAX – Leuchtende Bausteine Bausteine Holzbausteine Kunststoffbausteine Modellbau Musizieren Fun- und Trendartikel + Trading Cards Heimtextilien Bettwäsche Fahrzeuge, Modelle, RC und Rennbahnen Sammelfiguren Fan Artikel Geschenkideen Mädchen Jungen Baby und Kleinkind Marken LEGO® LEGO Neuheiten 2017 DUPLO DUPLO Cars DUPLO Eisenbahn DUPLO Princess DUPLO Ville Architecture THE LEGO® NINJAGO MOVIE THE LEGO® BATMAN MOVIE Batman™ Bionicle® Boost City Classic Creator Disney Princess Elves Friends Hero Factory Juniors Legends of Chima Lone Ranger Minecraft Minifigures Mixels Movie Nexo Knights Ninjago Racers Speed Champions Star Wars Steine & Co. Super Heroes Super Heroes Girls Technic Teenage Mutant Ninja Turtles Toy Story PLAYMOBIL® PLAYMOBIL Neuheiten 2017 Weihnachten Adventskalender 1-2-3 Action Bergrettung Action Polar-Expedition Action RC-Racer City Action City Action Baustelle City Action Feuerwehr City Action Küstenwache City Action Polizei City Life Hochzeit City Life Shopping-Center City Life Stadtleben City Life Zoo Country Bauernhof Country Reiterhof Country Tierarztpraxis Country Tierklinik Dinos Dollhouse Puppenhaus Dragons Fairies - Feenland Family Fun Fashion Girls Figures Future Planet Ghostbusters Große Bergwelt History Asia-Drachenland History Piraten History Knights History Römer History Western Ostern Outdoor Action PLAYMO-Friends Porsche Princess Sand Schatzjäger Schlüsselanhänger Special PLUS Sports & Action Boote Sports & Action Eishockey Sports & Action Fußball Sports & Action Motorad Steinzeit Summer Fun Ferien Summer Fun Freizeitpark Tierwelt Afrikas Top Agents Transport & Verkehr Cargo Transport & Verkehr Eisenbahn Transport & Verkehr Hafen Wild Life Aufklapp-Spiel-Boxen Duo Packs Abanico LIGHT STAX – Leuchtende Bausteine Amigo PAW Patrol Hatchimals ASS Bauer Bb-Junior BIG Brio Bruder BuitenSpeel-Outdoor Carletto Carrera COPPENRATH – DIE SPIEGELBURG Prinzessin Lillifee 100% selbst gemacht BabyGlück Bunte Geschenke Capt`n Sharky Die Lieben Sieben Einhorn-Paradies Freche Rasselbande Mein kleiner Ponyhof Mini-Künstler Nature Zoom Pferdefreunde Puzzle Weihnachtsexpress Wenn ich mal groß bin, werde ich... Wild + Cool Diverses Dickie Cars Diddl / Topmodel / Depesche Miss Melody Monster Cars Ylvi & the Minimoomis Eichhorn EPOCH Aquabeads Aquabeads Zubehör Sylvanian Families Familien Zwillinge Häuser Themen-Sets Spiel-Sets Figuren- und Möbel-Sets Fischertechnik Robotics Dynamic Fischer TIP Goliath Actionspiele Plüsch Sammelfiguren SuperSand HABA Happy People Hasbro Yo-Kai-Watch Trolls Disneys Vaiana Disney Prinzessinnen Hello Kitty Hudora Intex JAMARA Johntoy Jumbo Kosmos Maisto Street Troopers (RTR) RC Mattel Melissa & Doug Mega Bloks Nici PAGNA Piatnik Postler Ravensburger Brainteaser Mixxy Colors Revell Riethmüller Schildkröt Schipper MnZ - Tiermotive MnZ - Lifestyle MnZ - Blumen & Pflanzen MnZ - Historische Motive MnZ - Zubehör Schleich Horse Club Eldrador Peanuts Schmidt Spiele Adventskalender SES Creative Siku Siku International Siku Racing Siku World Simba Blox Bausteine Feuerwehrmann Sam VARTA Batterien Vtech VTech Baby Tut Tut Baby Badewelt Tut Tut Baby Flitzer Tut Tut Baby Züge Little Love Storio MAX Kiditronics Kidizoom Zubehör Zapf Dolly Moda Diverse Marken Saisonales Weihnachten + Adventskalender Schlitten Laternen und Drachen Drachen und Zubehör Laternen und Zubehör Outdoor Trampolin + Rutschen Räder, Roller, Boards + Fussballtore Schaukel, Wippen + Seile Ballspiele, Wurfspiele + Geschicklichkeitsspiele Sandkasten-Spielzeug Wasserpistolen Wasserspiele Weitere Outdoor-Artikel Fasching Kostüme Accessoires Pistolen + Gewehre Schminke + Deko Ostern Sommer Strand und baden Pools Wasserpistolen Badezubehör Strand und Sandkasten Garten und Park Reisespiele Halloween Restposten Gutscheine Neuheiten Themenwelten Geburtstags- und Partyartikel Stars TV Film Spiele Puzzle Baby und Kleinkind Holzspielzeug Puppen und Plüschfiguren Rollenspiele - einkaufen, kochen, werken, Polizei und Co. Schulbedarf und Schreibwaren Malen und Schreiben Basteln Bausteine Modellbau Musizieren Fun- und Trendartikel + Trading Cards Heimtextilien Bettwäsche Fahrzeuge, Modelle, RC und Rennbahnen Sammelfiguren Fan Artikel Geschenkideen Mehr anzeigen Marken LEGO® PLAYMOBIL® Abanico Amigo ASS Bauer BIG Brio Bruder BuitenSpeel-Outdoor Carletto Carrera COPPENRATH – DIE SPIEGELBURG Dickie Cars Diddl / Topmodel / Depesche Eichhorn EPOCH Fischertechnik Fischer TIP Goliath HABA Happy People Hasbro Hello Kitty Hudora Intex JAMARA Johntoy Jumbo Kosmos Maisto Mattel Melissa & Doug Mega Bloks Nici PAGNA Piatnik Postler Ravensburger Revell Riethmüller Schildkröt Schipper Schleich Schmidt Spiele SES Creative Siku Simba VARTA Batterien Vtech Zapf Diverse Marken Mehr anzeigen Saisonales Weihnachten + Adventskalender Schlitten Laternen und Drachen Outdoor Fasching Ostern Sommer Strand und baden Halloween Mehr anzeigen Suche nach Alter spielzeughit.de Hotline 07123 360 320 Montag - Freitag9 bis 17 Uhr kunden@spielzeughit.de 24h per E-Mail NEU VTech DigiGo - blau 79,00 €* Zum Produkt NEU Bruder 03764 - MAN TGS Müll-LKW Hecklader grün-gelb 46,99 €* Zum Produkt NEU Ride-on Ferrari F12 Berlinetta rot 27Mhz 6V von JAMARA 339,00 €* Zum Produkt NEU VTech KidiFluffies - Katze 29,99 €* Zum Produkt Spielzeug online kaufen bei Spielzeughit Sie wollen hochwertiges Spielzeug online kaufen und dabei sparen? Dann sind Sie im Kinderspielzeug Online Shop Spielzeughit genau richtig. Stöbern Sie in unserem großen Sortiment und unseren vielfältigen Themenwelten. Warum bei uns Kinderspielzeug online bestellen? Hier finden Sie alle Vorteile auf einen Blick: 1. Schnelle Lieferung: Ist Spielzeug online verfügbar, so liefern wir garantiert innerhalb von 1 - 2 Werktagen. (Lieferung von unserem Lager ab, danach haben wir keinen Einfluss mehr) 2. Hohe Kundenzufriedenheit: Schauen Sie sich die Trusted Shops Bewertungen für unseren Kinderspielzeug Online Shop an. Auf uns können Sie sich verlassen wenn Sie hochwertiges Spielzeug online kaufen. 3. Lieferung per DHL: Wenn Sie bei uns Kinderspielzeug online bestellen, dann verschicken wir Ihre Bestellung mit DHL. Also wird auch Samstags zugestellt. 4. Express Lieferung möglich: Wir bieten gegen einen Aufschlag eine Express-Lieferung an. Das heißt für Sie: Heute (Werktag) bis 15 Uhr Spielzeug online bestellt, am nächsten Werktag bis spätestens 12 Uhr bei Ihnen. 5. Große Spielzeug Auswahl online: In unserem Kinderspielzeug Online Shop warten tausende von Produkten darauf, von Ihnen entdeckt zu werden. 6. Verschiedene Zahlungsmöglichkeiten: Rechnungskauf (Bonität vorausgesetzt, Kreditkarte, Paypal, Nachnahme, Vorkasse, Sofortüberweisung. 7. Versandkostenfreie Lieferung ab 50 Euro: Wenn Sie in unseren Kinderspielzeug Online Shop Spielzeug online bestellen, dann liefern wir schon ab einem Bestellwert von 50 Euro Versandkostenfrei. 8. Große Auswahl an Themenwelten: Alle Produkte in unserem Kinderspielzeug Online Shop sind übersichtlich in Themenwelten geordnet. 9. Spielzeug für viele Interessen: Egal, was Ihr Kind liebt und egal, wofür es sich interessiert, in unserem Kinderspielzeug Online Shop bieten wir Ihnen eine große Vielfalt. Sie sehen: Wenn Sie im Kinderspielzeug Online Shop Spielzeughit einkaufen, dann profitieren Sie nicht nur von hochwertigem Spielzeug zum kleinen Preis, sondern auch von vielen anderen Vorteilen. Bei Fragen zum Kinderspielzeug online Bestellen stehen wir Ihnen jederzeit unter kunden@spielzeughit.de oder telefonisch zu den angegebenen Zeiten zur Verfügung. LEGO Spielzeug online kaufen - auch auf Rechnung: Entdecken Sie das Sortiment in unserem Kinderspielzeug Online Shop Aus der Art, wie ein Kind spielt, kann man erahnen, wie es seine Lebensaufgabe ergreifen wird. Diesem Zitat von Rudolf Steiner können wir kaum etwas hinzufügen. Kinder wollen spielen, experimentieren und forschen. Kindgerechtes Spielzeug ermöglicht ihnen genau dies und fördert ihre Entwicklung. Hierzu führen wir in unserem Kinderspielzeug Online Shop tolle Hersteller wie Haba, Fischer Price, oder auch das tolle Ministeps von Ravensburger. Ravensburger Spielzeug ist und wird immer beliebter. Es fördert alles, was ein Kleinkind braucht. Spielzeug begeistert die großen und kleinen Entdecker und bringt Kinderaugen zum Strahlen. Wenn Sie bei uns Kinderspielzeug online bestellen, dann schenken Sie ein echtes Abenteuer. Jetzt ganz neu: unsere Lego-Neuheiten Rubrik. Wir haben alle aktuellen Lego Neuheiten 2015 für Sie in einer übersichtlichen Rubrik zusammen gefasst. Schauen Sie regelmäßig in unserem Kinderspielzeug Online Shop vorbei um auch 2016 keine Neuheit zu verpassen. Bestellen Sie bei uns Lego Spielzeug online oder entscheiden Sie sich für die kleinen Ravensburger Ministeps und viele andere Highlights in unserem Kinderspielzeug Online Shop. Lassen Sie sich beim Kinderspielzeug online Bestellen von unseren günstigen Preisen und von unserem freundlichen Service überzeugen. Wir führen nicht nur eine große Auswahl an Lego Spielzeug und Playmobil Spielzeug. Auch kleine Rennfahrer werden bei uns glücklich. In unserem Kinderspielzeug Online Shop finden Sie neben den ewig beliebten Carrera Rennbahnen auch die neuen Carrera RC Fahrzeuge. Kleine Künstler und kreative Kinder lieben unsere Bastelartikel und Malutensilien. In einer Zeit, in der viele Jugendliche nur noch den Computer kennen, fördern Basteln und Malen die kindliche Entwicklung. Schenken Sie Ihren Kindern diese Möglichkeiten und stärken Sie auf einfache Weise die kindliche Phantasie. Eine ganz große Auswahl an SES Creative Produkten setzt der Fantasie keine Grenzen. Egal ob Armband Häkeln, Bügelperlen oder Badewannen Spass: Bei uns finden Sie alles, was die Kreativität fördert. Kinder entwickeln beim Spielen ihr Sozialverhalten. Klassiker wie Lego Spielzeug bringen die ganze Familie zusammen ins Wohnzimmer. Lego Technik begeistert die Eltern genauso, wie das Kind, für das das Geschenk eigentlich gedacht war. Und mit Lego Spielzeug - vor allem im Lego Technik Bereich - bauen Eltern und Kind zusammen. Wenn Sie in unserem Kinderspielzeug Online Shop hochwertiges Lego Spielzeug online bestellen, dann erhalten Sie damit ein Produkt, dass die ganze Familie verbindet. Lego Spielzeug fasziniert nicht nur Kinder. Auch Erwachsene sehen die komplexen Lego Technik Produkte mit leuchtenden Augen im Fernsehen und bestellen das LEGO Spielzeug dann - natürlich fürs Kind. Aber es ist kein Wunder, dass auch die Großen von Lego Spielzeug begeistert sind, schließlich sind wir selbst mit diesem Spielzeug aufgewachsen und haben den Drang zum Spielen noch nicht verloren. Nicht umsonst gibt es sogar Kinofilme für Alt und Jung, die auf Lego Spielzeug basieren. Egal ob Lego Spielzeug oder Playmobil Spielzeug: Bei uns können Sie Kinderspielzeug bestellen und bequem auf Rechnung bezahlen. Profitieren Sie von unseren sehr günstigen Preisen, Gutschein Aktionen, dem geringen Mindestbestellwert für eine kostenlose Lieferung und vielem mehr. Kunden, die bei uns Kinderspielzeug online bestellen, vertrauen auf unseren kompetenten Service und geben uns fast immer sehr gute Bewertungen. Sollten Sie dennoch einmal Grund zur Beanstandung haben, setzen Sie sich einfach mit uns in Verbindung. Ihre Zufriedenheit ist unser Anspruch. Wir bieten Ihnen in unserem Spielzeug Online Shop selbstverständlich nicht nur Holzspielzeug. Spielwaren von LEGO sind aus Kinderzimmern kaum mehr wegzudenken. LEGOsteine hatte fast jeder von uns in seiner Spielkiste. In unserem Kinderspielzeug Online Shop haben wir aber nicht nur die kleinen bunten Steine im Programm. Auch die beliebten LEGO Technic und LEGO Friends Bausätze bekommen Sie in unserem Onlineshop. Auch echte Star Wars Fans kommen mit der dazugehörigen LEGO-Reihe voll auf ihre Kosten. Ein Klassiker aus deutscher Produktion sind die vielfältigen Welten von PLAYMOBIL. Vor fast 40 Jahren begann die bayrische Firma mit beweglichen Figuren und zahlreichem Zubehör. Heute schmücken detailgetreue Ritterburgen, Raumschiffe und Puppenhäuser von PLAYMOBIL die Kinderzimmer in Deutschland. Wenn Sie bei uns Kinderspielzeug online bestellen, dann stehen Ihnen dabei auch viele PLAYMOBIL Produkte zur Wahl. Playmobil Spielzeug ist besonders vielfältig und bietet Kindern eine breite Auswahl an Welten. Playmobil Ritter, Zauberer, Playmobil Piraten, Einkaufsladen, Playmobil Porsche oder Ferienhaus am Fluss: Das alles bietet Playmobil Spielzeug. Wenn Sie bei uns Playmobil Kinderspielzeug online kaufen, dann bieten wir Ihnen stets einen Querschnitt durch das aktuelle Programm. Immer wieder, Monat f+r Monat kommen unsere Playmobil Spielzeug Neuheiten. Auch unsere Lego Neuheiten kommen monatlich ins Sortiment. So sind unsere Kunden, was Lego und Playmobil Spielzeug betrifft, immer auf dem aktuellen Stand. Auch unsere anderen Spielzeug Hersteller schicken uns immer einen Katalog mit den aktuellen Neuheiten, aus denen wir für Sie die besten Produkte auswählen. Brettspiele, Puzzles, Autorennbahnen und vieles mehr erhalten Sie bei uns in großer Auswahl. Wenn Sie bei uns Kinderspielzeug online bestellen, können Sie sich auf beste Qualität, attraktive Preise und einen umfangreichen Service verlassen. Auf Wunsch beraten wir Sie beim Kinderspielzeug online bestellen umfassend zu allen Produkten. Die Zufriedenheit unserer Kunden bestärkt uns in unserer Arbeit. Kinderspielzeug online bestellen: Profitieren Sie von unserem Service Wenn Sie bei uns Kinderspielzeug online bestellen, dann zahlen Sie pro Bestellung nur einmal Versandkosten, egal wie viele Produkte Sie bei uns zusammenstellen. Wenn Sie bei uns Spielzeug online bestellen wollen, dann haben Sie über Ihr Kundenkonto in unserem Kinderspielzeug Online Shop jederzeit Einsicht in Ihre Bestellungen. Wenn Sie für mehr als 50 Euro Kinderspielzeug online bestellen, dann ist Ihre Bestellung komplett versandkostenfrei. Schenken Sie Ihren Schützlingen hochwertiges Kinderspielzeug von Lego, Playmobil, Ravensburger und vielen anderen Herstellern. Egal für welche Produkte Sie sich entscheiden: Wenn Sie bei uns Kinderspielzeug online bestellen, dann können Sie sich auf besten Service verlassen. Wir freuen uns auf Ihre Bestellung. Links Lego Spielwaren Partner Spielwaren-Lagerverkauf Spielzeug-Blog Werbung & Kooperation Shop Service Kontakt Newsletter Versand Zahlung FAQ Informationen Widerrufsbelehrung Datenschutz AGB Impressum Newsletter Abonnieren Sie unseren kostenlosen Newsletter und verpassen Sie keine Neuigkeit oder Aktion mehr aus unserem Shop. * Alle Preise inkl. gesetzl. Mehrwertsteuer zzgl. Versandkosten und ggf. Nachnahmegebühren, wenn nicht anders beschrieben "
157,sportbargfrede.de," Sport Bargfrede Um Sport Bargfrede in vollem Umfang nutzen zu können, empfehlen wir Ihnen Javascript in Ihrem Browser zu aktiveren. € EUR $ USD £ GBP € EUR Service/Hilfe Händler Anmeldung Partnerprogramm Produktveredelung Vereinskooperationen Kontakt Versandkosten Widerrufsrecht Datenschutz AGB Impressum Menü Suchen Suchen Mein Konto Warenkorb 0 0,00 € * Home FussballschuheTeamsportFussbälleEquipmentVereinsbedarfSchiedsrichterFan-ShopRunningLifestyle adidas X ACE Nemeziz Messi Klassiker Nike Mercurial Hypervenom Magista Tiempo Puma evoSPEED evoTOUCH evoPOWER Klassiker Kinderschuhe adidas Nike Puma Sohlenart Nocken Stollen Multinocken Hallenschuhe Zubehör Zubehör Trainingsanzüge adidas Nike Puma Jako Derbystar Poloshirt adidas Nike Puma Jako Trikots kurzarm adidas Nike Puma Jako Trikots langarm adidas Nike Puma Jako Shorts adidas Nike Puma Jako Stutzen adidas Nike Puma Jako Derbystar Equipment Torhüter - Textil adidas Uhlsport Torwarthandschuhe adidas Reusch Underwear adidas Erima Puma Trainingsjacken adidas Nike Puma Jako Erima Sweatshirts adidas Nike Puma Jako Erima Training T-Shirts adidas Nike Puma Jako Erima Trainingshosen adidas Nike Puma Jako Erima Regenjacken adidas Nike Puma Jako Erima Coachjacken adidas Nike Puma Jako Markierungshemden Markierungshemden Spielbälle adidas Derbystar Erima Jako Trainingsbälle adidas Derbystar Erima Jako Nike Jugendbälle adidas Derbystar Erima Jako 350g 290g weitere Bälle Indoorbälle Futsalbälle Spezialbälle Ballpakete 10er Ballpakete 20er Ballpakete 30er Ballpakete Zubehör Ballsäcke & Netze Luftpumpen Kompressoren weiteres Zubehör Taschen Taschen mit Bodenfach Taschen ohne Bodenfach Trolley Rucksäcke Kulturtaschen Gymsack Schienbeinschoner mit Knöchelschutz ohne Knöchelschutz Schienbeinschonerhalter Sockenhalter Match-Zubehör Kapitänsbinden Handschuhe & Mützen Tape Stollen Duschartikel Badelatschen Handtücher Kulturtaschen Trainerbedarf Spielbesprechung Passwesen Trinkflaschen Kühlkoffer Trikotkoffer Decken Trainingsgeräte Trainings-Sets Markierungshilfen Hürden Koordinationsleitern Fitness & Kraftübungen Stangen & Reifen Alle Kategorien Sportmedizin Medizinkoffer Kühlkoffer Kühlpacks Tapes & Bandagen Sportgel & Muskelöl Sportplatzbau Eckfahnen Sportplatzmarkierung Plifix Tore Minitore Jugendtore Seniortore Tornetze Antikipp-Sicherung Zubehör Beschilderung Einlasskontrolle Ordnerzubehör Textilien adidas Referee 18 adidas Referee 16 Nike Referee Erima Referee b+d Ref Style Trainingsanzüge Alle Kategorien Equipment Spielleitung Pfeifen Assistenten-Fahnen Armbanduhren Stoppuhren Regelwerk Alle Kategorien Bundesliga SV Werder Bremen Hamburger SV FC Bayern München Borussia Dortmund FC St. Pauli Nationalmannschaft Deutschland Spanien Internationale Teams Real Madrid Manchester United Laufbekleidung Damen Herren Laufschuhe Nike adidas Jacken Damen Herren Kinder Hoodies/Pullover Damen Herren Kinder T-Shirts Damen Herren Kinder Hosen Damen Herren Kinder Schuhe Damen Herren Kinder Equipment Caps Mützen Taschen Rucksäcke Gymsacks Unterwäsche Alle Kategorien  Menü schließen € EUR $ USD £ GBP € EUR Kategorien Fussballschuhe Teamsport Fussbälle Equipment Vereinsbedarf Schiedsrichter Fan-Shop Running Lifestyle weitere Sportarten SALE% Kataloge Informationen Händler Anmeldung Partnerprogramm Produktveredelung Vereinskooperationen Kontakt Versandkosten Widerrufsrecht Datenschutz AGB Impressum UNSERE TOP-SELLER Sereno 14 Polyesteranzug KIDS rot 27,89 € * 49,95 € * adidas Torfabrik 17/18 Spielball OMB ab 74,90 € * 139,95 € * TIPP! Nike Teambag L 23,89 € * 35,00 € * TIPP! Markierungshütchen 40er Set 12,50 € * 29,90 € * Ballpakete Lifestyle SALE% 1 2 3 4 5 ZU DEN SCHNÄPPCHEN JETZT BIS ZU 70% SPAREN! ZUR KATALOGBESTELLUNG ZUM BLÄTTERKATALOG | Service Hotline Telefonische Beratung unter:04281 - 5074 900Mo.-Fr. 09:00 - 18:00 UhrSa. 09:00 - 13:00 Shop Service Partnerprogramm Produktveredelung Vereinskooperationen Kontakt Versandkosten Widerrufsrecht Informationen Newsletter Datenschutz AGB Impressum Newsletter Abonnieren Sie den Sport Bargfrede Newsletter und verpassen Sie keine Neuigkeit oder Aktion mehr aus der Welt des Teamsports! Newsletter abonnieren * Alle Preise inkl. gesetzl. Mehrwertsteuer zzgl. Versandkosten und ggf. Nachnahmegebühren, wenn nicht anders beschrieben Händler Anmeldung Partnerprogramm Produktveredelung Vereinskooperationen Kontakt Versandkosten Widerrufsrecht Datenschutz AGB Impressum "
158,sportschuh-outlet.de," Sportschuh-Outlet in Hambrücken und Online (07255) 397 219 Kontakt Info Zahlungsarten Versandarten & -kosten Widerrufsrecht Impressum Login E-Mail-Adresse Passwort Anmelden Passwort vergessen? Registrieren Abbrechen Warenkorb 0 Sie haben noch keine Artikel im Warenkorb. Toggle navigation Finden Home Schuhe 1207 Laufschuhe 255 Adidas 18 Nike 156 Zoot 9 Saucony 7 Reebok 9 Asics 9 Salomon 3 New Balance 1 Indoor/Hallenschuhe 36 Handball 2 Adidas 1 Puma 1 Tennis 1 Sneaker 398 Adidas 45 Palladium 1 Buffalo 1 Nike 233 Rockport 6 Puma 5 Timberland 28 New Balance 23 Asics 2 Gola 1 Converse 9 Salomon 1 Lacoste 3 Reebok 16 weitere Marken 6 Basketballschuhe 47 Adidas 2 Nike 41 Reebok 3 Handballschuhe 41 Adidas 2 Hummel 12 Munich 2 Puma 1 Asics 4 weitere Marken 20 Tennisschuhe 20 Adidas 3 Outdoorschuhe 29 Adidas 3 Palladium 1 Nike 4 Salomon 4 Timberland 12 Asics 1 weitere Marken 2 Fußballschuhe 95 Adidas 43 Munich 1 Nike 22 Puma 27 weitere Marken 1 Fitnessschuhe 79 Adidas 10 Nike 64 weitere Marken 5 Hallenschuhe 74 Adidas 11 Hummel 13 Nike 13 Munich 3 Puma 3 Reebok 2 Asics 3 weitere Marken 26 Sandalen 25 Birkenstock 8 Nike 2 Teva 9 weitere Marken 5 Zehentrenner 13 Birkenstock 1 Nike 1 Teva 7 weitere Marken 4 Kinder-/Babyschuhe 32 Asics 1 Reebok 1 Boumy 9 Hummel 5 Saucony 1 weitere Marken 10 Ballerina 12 Adidas 2 Buffalo 1 Lacoste 2 Converse 1 Keds 3 weitere Marken 3 Stiefel 22 Adidas 4 Timberland_1 13 Nike 1 Lacoste 1 weitere Marken 2 High Heels / Pumps 5 weitere Marken 5 Damenschuhe 2 Kinderschuhe 8 Herrenschuhe 14 Sport 247 Badminton 6 Fußball 106 Tennis 35 Handball 57 Basketball 34 Adidas_1 1 Nike 23 Reebok 2 Fitness 9 Adidas 2 Nike 3 Marke 1118 Adidas 146 Asics 17 Babolat 36 Birkenstock 8 Boumy 9 Cayler & Sons 1 Converse 9 Crocs 1 Dare2Be 22 Diadora 1 Etnies 1 Gio Goi 1 Hummel 35 Kappa 4 Karhu 1 Lacoste 11 Lybwylson 35 Meltin Pot 119 Mizuno 3 Munich 3 New Balance 24 Newton 41 Nike 274 Palladium 1 Patrizia Pepe 36 Puma 42 Reebok 30 Reece 2 Regatta 4 Rockport 6 Salming 23 Salomon 6 Saucony 7 Tatonka 4 Teva 9 Timberland 29 Wilson 3 Zoot 9 Bekleidung 892 Jacken 45 Herren 22 Damen 19 Kinder 3 Gio Goi 1 Herren 1 Shirts 111 Herren 32 Damen 58 Kinder 21 Pullover 14 Herren 6 Damen 5 Kinder 3 Hemden 6 Herren 1 Damen 5 Asics 2 Herren 2 Socken 24 Adidas 10 Nike 14 Hosen 203 Herren 15 Damen 174 Kinder 14 Trainingsanzüge 9 Herren 6 Damen 2 Kinder 1 Funktionsbekleidung 5 Herren 3 Damen 2 Adidas 54 Damen 13 Kinder 10 Herren 30 Nike 30 Damen 10 Kinder 5 Herren 13 Puma 3 Herren 3 Reebok 14 Damen 13 Herren 1 Kappa 9 Herren 4 Kinder 5 Meltin Pot 120 Damen 2 Herren_1 10 Damen_1 108 Dare2Be 22 Herren 5 Damen 17 Lybwylson 29 Damen_1 29 Patrizia Pepe 36 Kinder_1 36 NFY 80 Damen_1 74 Herren 6 Tatonka 6 Herren 3 Damen 3 Regatta 7 Kinder_1 2 Damen 2 Herren_1 3 Tommy Hilfiger 9 Herren 1 Kinder_1 8 weitere Marken 53 Herren 18 Kinder 5 Damen 30 Zubehör 37 Sonderangebote 1 Schlüsselanhänger 2 Puma 2 Taschen 13 Adidas 1 Nike 1 weitere Marken 4 Sportzubehör 21 Topseller Top-Artikel Adidas Originals Superstar 80s Primeknit Sneaker bunt/weiß/schwarz 129,95 € 84,95 € inkl. MwSt. zzgl. Versand Artikel ansehen Top-Artikel Asics Gel Respector Veg-Tan Pack LTD RARITÄT Sneaker beige 199,95 € 124,95 € inkl. MwSt. zzgl. Versand Artikel ansehen Top-Artikel C&S Cayler & Sons Shutdown Stiefel Boots Sneakerboot verschiedene Farben 119,95 € 64,95 € inkl. MwSt. zzgl. Versand Artikel ansehen Top-Artikel KAPPA NASDAR SRB DK 302BAE0 6-INCH BOOT Stiefel Winterstiefel verschiedene Farben 99,95 € 29,95 € inkl. MwSt. zzgl. Versand Artikel ansehen Top-Artikel New Balance 420 U420GGG Sneaker braun/grau/blau 89,95 € 44,95 € inkl. MwSt. zzgl. Versand Artikel ansehen Top-Artikel Newton Running Distance 6 W000617 Laufschuhe grün/weiss/blau 169,95 € 94,95 € inkl. MwSt. zzgl. Versand Artikel ansehen Top-Artikel Newton Running MV3 M033316 Laufschuhe rot/gelb 119,95 € 94,95 € inkl. MwSt. zzgl. Versand Artikel ansehen Top-Artikel Nike SB Zoom Stefan Janoski CNVS Canvas rot/schwarz/weiß 89,95 € 54,95 € inkl. MwSt. zzgl. Versand Artikel ansehen Top-Artikel Reece Australia Hyper Knitted Indoor Sneaker blau/orange 89,95 € 44,95 € inkl. MwSt. zzgl. Versand Artikel ansehen Top-Artikel Salming Viper Kids Indoor Handballschuhe Hallenschuhe Kinderschuhe pink/schwarz/gelb 64,95 € 49,95 € inkl. MwSt. zzgl. Versand Artikel ansehen Top-Artikel Salomon XT Calcita Outdoorschuhe Trailschuhe blau/grün 119,95 € 64,95 € inkl. MwSt. zzgl. Versand Artikel ansehen Top-Artikel Timberland Amherst Zip Boot Sneaker verschiedene Farben 139,95 € 84,95 € inkl. MwSt. zzgl. Versand Artikel ansehen Neu eingetroffen Neu Newton Running Distance 6 M000517 Laufschuhe rot/weiss/schwarz 169,95 € 94,95 € inkl. MwSt. zzgl. Versand Artikel ansehen Neu Newton Running Gravity 6 W000217 Laufschuhe pink/blau 174,95 € 94,95 € inkl. MwSt. zzgl. Versand Artikel ansehen Neu adidas Starlancer V Ball Fußball pink/blau 14,95 € 10,95 € inkl. MwSt. zzgl. Versand Artikel ansehen Neu Puma Suede Classic+ Sneaker blau/weiß 79,95 € 54,95 € inkl. MwSt. zzgl. Versand Artikel ansehen Neu Puma Evopower 3.2 FG Fussballschuhe blau/pink/weiß 69,95 € 34,95 € inkl. MwSt. zzgl. Versand Artikel ansehen Neu Reece Australia Fantasy Knitted Indoor Sneaker blau/pink/weiß 89,95 € 44,95 € inkl. MwSt. zzgl. Versand Artikel ansehen Neu Adidas Originals Superstar 80s Sneaker mint/braun 129,95 € 54,95 € inkl. MwSt. zzgl. Versand Artikel ansehen Neu Adidas Originals Gazelle Sneaker gelb/weiß 89,95 € 64,95 € inkl. MwSt. zzgl. Versand Artikel ansehen Neu Adidas Originals Superstar SlipOn Sneaker blau/weiß 99,95 € 54,95 € inkl. MwSt. zzgl. Versand Artikel ansehen Neu Puma Suede Platform Retro Sneaker rot/weiß 109,95 € 54,95 € inkl. MwSt. zzgl. Versand Artikel ansehen Neu Salming Viper 3 Kids Indoor Handballschuhe Hallenschuhe Kinderschuhe blau/grün 64,95 € 49,95 € inkl. MwSt. zzgl. Versand Artikel ansehen Neu Salming Adder Indoor Handballschuhe Hallenschuhe türkis/orange/gelb 79,95 € 59,95 € inkl. MwSt. zzgl. Versand Artikel ansehen Sonderangebote -33,39% Hummel Authentic Soccer Bag Sporttasche Fußballtraining verschiedene Farben 29,95 € 19,95 € inkl. MwSt. zzgl. Versand Artikel ansehen -25,06% Hummel Authentic Sports Bag Sporttasche verschiedene Farben 19,95 € 14,95 € inkl. MwSt. zzgl. Versand Artikel ansehen -33,36% Hummel Authentic Team Trolley Sport - und Reisetasche schwarz 59,95 € 39,95 € inkl. MwSt. zzgl. Versand Artikel ansehen -78,08% Hummel Trikot 03-886 gelb/blau 49,95 € 10,95 € inkl. MwSt. zzgl. Versand Artikel ansehen -50,02% Lacoste Snug Stiefel Schneestiefel Winterstiefel verschiedene Farben 149,95 € 74,95 € inkl. MwSt. zzgl. Versand Artikel ansehen -72,79% Lybwylson by Toff Togs Top Damenshirt verschiedene Farben 54,95 € 14,95 € inkl. MwSt. zzgl. Versand Artikel ansehen -40,93% New Balance 818 MX818BR1 Trainer Sneaker Weite D schwarz/orange 109,95 € 64,95 € inkl. MwSt. zzgl. Versand Artikel ansehen -32,87% Nike Air Max Thea Sneaker grün/neon 139,95 € 93,95 € inkl. MwSt. zzgl. Versand Artikel ansehen -62,53% Puma Evopower 2.3 FG Fussballschuhe gelb/schwarz/blau 119,95 € 44,95 € inkl. MwSt. zzgl. Versand Artikel ansehen -33,35% Reebok BB4600 HI V49413 Vintage Basketball Sneaker 89,95 € 59,95 € inkl. MwSt. zzgl. Versand Artikel ansehen -28,13% Salming Kobra Indoor Handballschuhe Hallenschuhe orange/gelb/schwarz 159,95 € 114,95 € inkl. MwSt. zzgl. Versand Artikel ansehen -9,10% Salming NinetyOne Shoe 91 Indoor Hallenschuhe Sneaker Handballschuhe Torwartschuhe blau/rot/weiß 109,95 € 99,95 € inkl. MwSt. zzgl. Versand Artikel ansehen Warum Sportschuh-Outlet? Hier finden Sie Schuhe zum Laufen und vielen weiteren Sportarten zu besonders günstigen Preisen! z.b. Fitnessschuhe oder auch Basketballschuhe. Erwerben Sie sehr günstige Adidas, Nike oder Puma Fussballschuhe. Dazu bieten wir noch für die Halle spezielle Indoorschuhe an. Neben der riesigen Auswahl an billigen Schuhen erhalten Sie bei uns auch extrem Preiswerte Sportbekleidung wie Jacken, Shirts oder auch Socken. Gefällt mir Empfehlen Tweet +1 Sicher einkaufen Zahlen Sie bequem per Wir versenden mit Gerne halten wir Sie auf dem Laufenden Für den Newsletter anmelden und kostenlosen Versand im Wert von 3,50€ sichern. Abonnieren Newsletter Einkaufen Zahlungsarten Versandarten & -kosten Widerrufsrecht Warenkorb Zur Kasse Hilfe Mein Konto Registrieren Login Unternehmen Kontakt Karriere Datenschutzerklärung AGB Impressum © Copyright 2017 Sportschuh-Outlet. Alle Rechte vorbehalten. Warenkorb Nach oben Ihr Browser unterstützt kein JavaScript! Um die Funktionen dieser Seite nutzen zu können, benötigen Sie JavaScript! Bitte aktualisieren Sie Ihren Browser oder aktivieren Sie JavaScript in den Einstellungen. "
159,sprachdirekt.de," Sprachreisen – Günstige Sprachschulen und Sprachkurse Sprachdirekt - Sprachreisen zu direkten Preisen!0049 (0)89 599 45570Kostenloses AngebotOnline Buchung Englisch Sprachreisen - Sprachreisen England -- London Sprachreise -- Cambridge Sprachreise -- Brighton Sprachreise -- Bournemouth Sprachreise -- Manchester Sprachreise + - Sprachreisen Malta - Sprachreisen USA -- New York Sprachreise -- San Francisco Sprachreise -- San Diego Sprachreise -- Miami Sprachreise -- Los Angeles Sprachreise -- Boston Sprachreise + - Sprachreisen Irland - Sprachreisen Australien - Sprachreisen Neuseeland - Sprachreisen Südafrika - Sprachreisen Kanada -- Toronto sprachreise -- Vancouver Sprachreise + + Spanisch Sprachreisen - Sprachreisen Spanien -- Malaga Sprachreise -- Madrid Sprachreise -- Sevilla Sprachreise -- Salamanca Sprachreise -- Barcelona Sprachreise -- Valencia Sprachreise + - Sprachreisen Mexiko - Sprachreisen Costa Rica - Sprachreisen Argentinien + Französisch Sprachreisen - Sprachreisen Frankreich -- Paris Sprachreise -- Nizza Sprachreise -- Montpellier Sprachreise -- Lyon Sprachreise -- Bordeaux Sprachreise + + Italienisch Sprachreisen - Sprachreisen Italien -- Rom Sprachreise -- Florenz Sprachreise -- Salerno Sprachreise -- Mailand Sprachreise -- Siena Sprachreise + + undefinedERWACHSENE|SCHÜLER Englisch Sprachreisen Sprachreisen England London Sprachreise Cambridge Sprachreise Brighton Sprachreise Bournemouth Sprachreise Manchester Sprachreise Sprachreisen Malta Sprachreisen USA New York Sprachreise San Francisco Sprachreise San Diego Sprachreise Miami Sprachreise Los Angeles Sprachreise Boston Sprachreise Sprachreisen Irland Sprachreisen Australien Sprachreisen Neuseeland Sprachreisen Südafrika Sprachreisen Kanada Toronto sprachreise Vancouver Sprachreise Spanisch Sprachreisen Sprachreisen Spanien Malaga Sprachreise Madrid Sprachreise Sevilla Sprachreise Salamanca Sprachreise Barcelona Sprachreise Valencia Sprachreise Sprachreisen Mexiko Sprachreisen Costa Rica Sprachreisen Argentinien Französisch Sprachreisen Sprachreisen Frankreich Paris Sprachreise Nizza Sprachreise Montpellier Sprachreise Lyon Sprachreise Bordeaux Sprachreise Italienisch Sprachreisen Sprachreisen Italien Rom Sprachreise Florenz Sprachreise Salerno Sprachreise Mailand Sprachreise Siena Sprachreise Sprachdirekt - Sprachreisen zu direkten Preisen!Sprachdirekt bietet Ihnen nicht nur qualitativ hochwertige Sprachreisen, sondern auch persönliche und kompetente Kundenbetreuung vor, während und nach Ihrem Sprachurlaub.Unsere Kunden können Ihnen bestätigen, dass wir günstige Sprachreisen zu einem sehr guten Preis-Leistungs-Verhältnis anbieten. Wir arbeiten mit wenigen, sehr sorgfältig ausgewählten, familiär geführten Sprachschulen zusammen. Dies erlaubt es uns, die bestmöglichen Preise auszuhandeln und Ihnen eine Ihren Wünschen entsprechende Sprachreise anzubieten.ErwachseneSchülerAuswahl der besten internationalen SprachschulenDiese Bilder geben Ihnen einen ersten Überblick über unsere beliebtesten Sprachschulen und Destinationen - egal ob Sie Ihr Englisch, Französisch, Spanisch oder Italienisch im Ausland verbessern möchten, hier finden Sie bestimmt das richtige Paket für Ihre Sprachreise! ENGLISCHErwachseneEnglisch lernen in England, Malta, USA, Irland, Kanada, Neuseeland, Australien. FRANZÖSISCHErwachseneFranzösisch lernen in Paris, Nizza, Montpellier, Lyon und Bordeaux. SPANISCHErwachseneSpanisch lernen in Spanien, Costa Rica, Mexiko und Argentinien. ITALIENISCHErwachseneItalienisch lernen in Rom, Siena, Mailand, Salerno und Florenz. ERWACHSENEErwachseneWeltweite Sprachschulen, die Sprachkurse für Sprachschüler ab 18 Jahren anbieten. SCHÜLER-PROGRAMMESchülerSprachschulen für Kinder und Jugendliche unter 18 Jahren. Günstige Sprachreisen Angebote -20%bis Juni 2018 auf Malta Günstige Englischkurse auf Malta 3 für 2Gratis-Woche in Malaga Gratis-Woche Spanischkurs in Malaga 5 für 4Sonderrabatt in Paris Sprachreisen Paris - 4 Wochen zahlen 5 bekommen -20%in London Günstige Englischkurse in London -30%in New York Günstige Englischkurse in New York 50€Empfehlung Malta 50€ Freunde-Rabatt -5%in Dublin Rabatt auf Ihren Englischkurs in Dublin -10%in Sevilla Günstige Unterkünfte in Sevilla -15%in Salerno Rabatt auf Italienischkurse in Salerno -30%in San Francisco Rabatt auf Englischkurse in San Francisco -20%in Neuseeland Günstige Englischkurse in Neuseeland / Auckland 2Wochen umsonst in Valencia Kostenlose Kurswochen in Valencia -10%für Studenten Studentenrabatt: Málaga - 5%, Barcelona - 10% AlleSonderangebote Unsere Sonderangebote auf einen Blick! GratisWochen in Malta Ab sofort gibt es gratis Kurswochen in Malta!Warum Sprachdirekt?DIREKTPREIS GARANTIE!Persönlich vor Ort ausgewählte SchulenWeltweit beste SprachschulenEngagiertes Service-TeamYouTube Blog Twitter Google+ MenuKontaktÜber uns10 gute Gründe!Ihr Service-Team100% Garantie!!AnerkennungenStellenangeboteAGBImpressumST Star AwardKatalogBildungsurlaubStudienförderungGewinnspieleiPad gewinnen!FirmenkundenSonderangeboteGutscheinBuchungsablaufReiseversicherungVisa-InformationFlügeAuslandspraktikumSprachdirekt StipendiumErasmus+Online SprachtestsSprachdirekt GmbH, Schwanthalerstraße 5, 80336 München, Deutschland © 2017 Back to top "
160,springerle.com," www.springerle.com - Herzlich willkommen! Willkommen Geschichte Rezepte Sortiment Information Online-Shop Kontakt in english en français Herzlich willkommen Das Spezialitäten-Haus für Springerle und Änisbrötli Im Änis-Paradies finden Sie über 1000 verschiedene traditionelle Gebäckmodel für Springerle, Änisbrötli, Spekulatius, Marzipan, Cupcakes, Lebkuchen, Tirggel, Tragant, Papierreliefs und vieles Schöne mehr ... Nächste Termine: Die schönsten Weihnachtsmärkte Weihnachtsmarkt Basel (PDF-Flyer): Himmlische Weihnachten, zauberhafte Bilderwelt. Neu finden Sie unseren Stand auf dem Münsterplatz gleich links des Münsters, mit Herstellungs-Vorführungen,vom 23. November bis 23. Dezember, täglich von 10:30 bis 20:30 Uhr, am Samstag, 23.12.2017 nur bis um 18:00 Uhr. Weihnachtsmarkt Stuttgart: Einer der grössten und schönsten Weihnachtsmärkte Europas! Sie finden uns auf dem Marktplatz, Aussenreihe Nr. 07, vom 29. November bis 23. Dezember, täglich von 10:00 bis 21:00 Uhr und am Sonntag von 11:00 bis 21:00 Uhr. Weihnachtsmarkt Zürich: Am Christkindlimarkt im Hauptbahnhof finden Sie unsere Model am Stand von Gary Fraser (Big Time Stempel), vom 23. November bis 24. Dezember Sonntag bis Mittwoch 10:30 bis 21:00 Uhr, Donnerstag bis Samstag 10:30 bis 22:00 Uhr. Weitere Details und Termine erfahren Sie in unserem Marktfahrplan. Schönster Stand am Basler Weihnachtsmarkt 2017 Der Stand des Änis-Paradies auf dem Münsterplatz ist vom Verein Basler Weihnachten als schönster Stand am Weihnachtsmarkt 2017 in der Kategorie «Non-Food» ausgezeichnet worden (Bild: Präsidialdepartement Basel-Stadt). Model des Monats Dezember:Weihnachtsmann Besonders für Kinder ist das Weihnachtsfest eine aufregende Zeit, die mit dem Besuch des Weihnachtsmannes ihren Höhepunkt erlebt. Den braven Kindern bringt der Weihnachtsmann Geschenke, den unartigen hingegen bloss eine Rute. Er vereinigt somit Eigenschaften des heiligen Bischofs Nikolaus von Myra und seines Begleiters, des Knecht Ruprechts. Wir offerieren Ihnen diesen schönen Model für CHF 24.00 / Euro 21.00 zzgl. Versandkosten. Zum Bestellformular. Neue Model der Saison 2017/2018 Wir freuen uns sehr, Ihnen in dieser Saison wieder 25 neue Model vorstellen zu können. Sie finden die Neuheiten hier in der Übersicht und ab sofort auch in unserem Online-Shop. Oben zeigen wir Ihnen eine kleine Auswahl unserer diesjährigen Neuheiten (von links nach rechts): Spirale (6392), Skifahrer (7709), Der Narr (6539), Biene auf der Blüte (3297) und Weihnachtsbaum klein (1234). Viel Vergnügen auf unseren Seiten Rezepte mit Tipps und Tricks Wenn Sie wissen möchten, wie Änisbrötli, Springerle, Marzipan, Tragant und Papier-Relief am besten gelingen, finden Sie hier die traditionellen Rezepte. Erfahren Sie mehr ... Sortiment Entdecken Sie unser Angebot an Änismodel, Springerlemodel, passenden Ausstechformen, Teighölzern, Literatur sowie Rezept-Zutaten. Und lernen Sie gleich auch noch unseren grossen Model-Katalog kennen. Erfahren Sie mehr ... Online-Shop Unsere Model, das Zubehör und andere Artikel können Sie bequem auch übers Internet bestellen und per Post geliefert bekommen. Wir führen dazu einen Online-Shop mit vielfachen Möglichkeiten zur Suche und zum Stöbern in unseren Angeboten. Betreten Sie unseren Online-Shop ... Marktfahrplan Möchten Sie sich persönlich mit uns unterhalten oder direkt an unserem Stand einkaufen? Herzlich willkommen auf den schönsten Messen und Märkten. Erfahren Sie mehr ... Verwenden Sie auch das Menü auf der linken Seite oder klicken Sie auf obige Bilder, um die gewünschten Seiten aufzurufen. Auch über Facebook erreichbar Das «Änis-Paradies» ist auch auf Facebook für Sie da und stehen Ihnen mit Rat und Tat zur Seite, wenn es um Fragen rund um Gebäckmodel oder Springerle, Änisbrötli und Chräbeli geht. Wir hoffen, Ihnen gefällts! Newsletter Um regelmässig unsere Kundeninformationen via E-Mail zu erhalten, geben Sie hier Ihren Namen und die Mail-Adresse ein: Vorname und Name: E-Mail: Bestätigen Sie die Anmeldung zum Newsletter über den Knopf «Absenden»: Zum Seitenanfang Alle Rechte: Änis-Paradies - Linus Feller Letzte Änderung: 20.12.2017 "
161,star-naildesign.de, https://www.star-naildesign.de Es wurde noch kein Layout für dieses System hinterlegt. 
162,staubsaugerbeutel-versand.de," Staubsaugerbeutel Siemens, Miele - Staubsaugerzubehör - Staubbeutel Swirl Ihr Konto Kasse Staubsaugerbeutel Staubsaugerbeutel-Suche Fackelmann Topfilter Swirl Porten's Puro SEBO Andere Staubsaugerbeutel Staubsaugerzubehör Übersicht Miele Zubehör HEPA-Filter Micro- und Motorfilter Saugdüsen Saugschläuche Zubehör Dunstabzughauben Fettfilter Kohlefilter Zubehör Schnellkochtöpfe Dichtungsringe Griffe Ventile Mehr über... Liefer- und VersandkostenDatenschutzAGBImpressumKontaktWiderrufsbelehrung Staubsauger sucht Staubsaugerbeutel? Ecomont  hier findet jedes Gerät den passenden Staubbeutel Staubsaugerbeutelsuche Wählen Sie den Hersteller und danach den Typ, oder nutzen Sie unsere Volltextsuche! Hersteller wählen AEG AFK AKA Akai Alaska (Metro) Aldi Alfatec Altic Alto AquaVac AquaVac by ewt AquaVic Arlett Bauhaus Bauknecht Baur Beam BEKO Bestron Betron Betronic BHG Black&Decker Bliss Blue Air Blue Wind Bluesky BlueSky Bob Home Bomann BOREAL Bosch Braun Brinkmann BSK Budget Calor Catavena Chromex Clatronic Clean Star Cleanfix Cleanfix CMI Collector Collo Columbus Condel CSSR CTC Curtiss Daewoo Dalco Darel De Sina De'Longhi Delta Dicaff Dilem ETA Dirt Devil Domena Domo DomoStar Dun Rite Dunway Durabrand e-matic EFBE (Schott) Einhell EIO Electro Helios Electrolux ELEXAVOX Elexi Elin elite Elram elta Eltring Eltropa Elvita Emide ES Super EST ETA eumig EUP EUROPA STYLE Europa Style EST Everglades ewt ewt Excelsior Exido EXPRESS Fagor Fakir FAM Famulus favorit Fein Ferm FIF Firstline FUDA Gemex Germatic Gerni Girloon Goblin FAM Gold Star Grandius Great Value Grundig Hanseatic - Otto - HBH Henkel HERU Hit Company HITACHI Hofer Holland Electro Home Electric Home Electronics Hoover Hugin IdeLine Inotec Inox InterClean Ismet ITO Jago JVW K-Tec Kalorik Kambrook Kärcher Karstadt Kasui Kaufland Kenni (Kodi) Kenwood Kinglake Kirby König Krups Lehoff Lervia Letron LG Electronics LG- GOLDSTAR Lilleborg Lindhaus Linea LIV Liventa Lloyds LUX Magic Major Master Matador Matrix Maxum MBO Medion Melissa MELITTA Metro MIA micromaxx Miele Mighty Vac MioStar Mistral MKM MONIX MorganŽs Morphy Richards Moulinex MPM multiTEC -Norma- National Neckermann Neufunk Nikko Nilco Nilfisk NordLine Norma Nova Novamatic Numatic Omega Otto-Versand Panasonic Parkside Philips PowerTec Primera Primo Princess Privileg ProClean Profi Europe Profil Profilo Profimaster Progress Prophete Protech Protos Quelle Quigg Reactor Robinson ROMIX Roover Rotel ROTEL Rowenta ROWI Ruton Salco Samsung Sanyo Saphir SATRAP Saturn Schaub Lorenz SCHOTT Schou Sebo Select Line SERD Severin ShopVac SIDEX-SIDEME Siemens SIGGmbH Silva Simec Simpa Simpex Singer SMC Solac Sorma Spitzenreiter Standard (CH) Star Stinnes Sunstar Superior SupportPlus SWIRL Tania Taurus Tchibo TCM Team TEBO S TEC TECH line TechnoStar Tefal Tele Shop Tennant Tevion Thomas Tip Top Tokiwa Top Craft Top Edition Tornado TPS Trendline Trisa Tristar UFESA UNICLINE United Universal URALUX Variolux VAX Vetrella Viking Volta Weltstar Wertheim Westfalia Winner Vac WOLF Z.W.T Zafir Zanussi Zelmer ZINK Typ wählen, zuvor Hersteller wählen. Der Staubsauger ist eine wichtige Erfindung aus dem 20. Jahrhundert und erleichtert seitdem  ähnlich wie Wasch- und Spülmaschine  die Hausarbeit ganz erheblich. Aufgrund der großen Modellvielfalt haben die praktischen Helfer allerdings auch eine ungeliebte Aufgabe ""miterfunden"": die Suche nach dem passenden Staubsaugerbeutel. Es ist gar nicht so leicht, in dem verwirrend großen Angebot den richtigen Staubbeutel für das eigene Modell zu finden. Doch mit unserem Versand machen wir Ihnen den Beutelkauf ganz einfach. Und der Clou: Wir bieten nicht nur günstige Preise  Sie müssen nicht einmal das Haus verlassen. Beispiele aus unserem Sortiment: Staubsaugerbeutel für Siemens Staubsaugerbeutel für Miele AEG Staubsaugerbeutel Variant und Swirl Staubsaugerbeutel für diverse Modelle 10,90 €* s-bag® classic long performance E201B 9,99 €* Swirl PH 86 AirSpace 4,95 €* Portens Puro PP49 6,95 €* Topfilter 069 Microsafe 5,99 €* Portens Puro PP49-Microvlies 19,95 €* Portens Puro PP49-Microvlies Vorratspackung mit 20 Staubbeuteln *Alle Preise inkl. MwSt. zzgl. Versandkosten Passender Staubbeutel gesucht? Nutzen Sie unsere Suchfunktion! » Wir lichten den Staubbeutel-Dschungel für Sie Warum ist es so nervig, Beutelnachschub für den eigenen Staubsauger zu kaufen? Dafür sind gleich mehrere Gründe verantwortlich. Zum einen gibt es unzählige Hersteller, die meist zig verschiedene Modelle auf den Markt werfen. Zum anderen können Sie nicht nur Originalprodukte des Herstellers kaufen, sondern auch passende Beutel von Drittherstellern, die sich in Preis und Qualitätseigenschaften stark unterscheiden. Nie wieder Unsicherheit beim Beutelkauf Ist es bei Ihnen auch so? Erst wenn Sie im Supermarkt am Regal mit den Staubsaugerbeuteln vorbeigehen, fällt Ihnen ein, dass Sie dringend neue benötigen. Doch wie war denn gleich die genaue Modellbezeichnung? Jetzt auf Verdacht ein Produkt mitnehmen, das hinterher wahrscheinlich doch wieder nicht passt? Staubsaugerbeutel günstig online bestellen – so geht nichts mehr schief Wenn Sie Produkte in unserem Onlineshop ordern, gehen Sie auf Nummer sicher: Denn zu Hause können Sie bequem nachsehen, welches Gerät Sie besitzen und welcher Artikel hierfür passt. Darüber hinaus bieten wir Ihnen die Staubsaugerbeutel nicht nur günstig, sondern auch in einer Vielfalt, mit der kaum ein Supermarkt mithalten kann. Genial einfache Suchfunktion Bei uns finden Sie im Handumdrehen, wonach Sie suchen: Geben Sie Ihr Staubsaugermodell entweder in der Volltextsuche ein oder wählen Sie es aus der Droplist aus. Sofort zeigen wir Ihnen alle passenden Artikel an – von der einfachen Papierfiltertüte von Drittanbietern bis hin zu Hightech-Originalprodukten mit Spezialvliesen und mehr. Hochwertiges Zubehör Neben unserer üppigen Staubbeutelauswahl erhalten Sie bei uns auch alles, was Sie sonst noch für perfekte Reinigungsergebnisse benötigen: zum Beispiel eine perfekt durchdachte Staubsaugerdüse oder diverse Saugschläuche. Ecomont – vom Swirl Staubbeutel bis zur Saugdüse alles, was Sie für Ihren Staubsauger brauchen. Vexeo – Homepageoptimierung Trusted Shops Staubsaugerbeutel-Versand.de ist ein von Trusted Shops geprüfter Onlinehändler mit Zertifikat und Käuferschutz. Mehr… Warenkorb Artikel Willkommen E-Mail-Adresse: Passwort: Passwort vergessen? Impressum Datenschutz AGB Staubbeutel Staubsaugerbeutel von Miele Staubsaugerbeutel von Siemens Staubsaugerbeutel Staubsaugerdüse eCommerce Engine © 2006 xt:Commerce Shopsoftware"
163,strandkorb.co," Strandkorb Shop Möbel Promenade Teak u. Mahagoni Strandkörbe Möchten Sie zur Ansicht für Mobilgeräte wechseln? 1 2 3 4 5 6 7 Startseite Angebote Blog Wohnen & Garten Versandkosten Ihr Konto Warenkorb Kasse Startseite » Katalog Kompetente Beratung unter Tel.: 04102 229 628 Strandkörbe nach Preis 200 EURO - 300 EURO 300 EURO - 600 EURO 600 EURO - 1000 EURO 1000 EURO - 2000 EURO ab 2000 EURO NAVIGATION DELUXE StrandkörbeStrandkorb Deichgraf BullaugeStrandkorb JuistMahagoni StrandkörbeTeakholz StrandkörbedeVries StrandkörbeTRENDY by deVries® StrandkörbedeVries PURE® Comfort StrandkörbeSingle bis XXL StrandkörbeSingle StrandkörbeXXL Dreisitzer StrandkörbeStrandkorb ZubehörStrandkorb SchutzhüllenStrandkorbzubehörStrandkörbe zur SelbstmontageOstsee StrandkörbeProfi u. Gewerbe StrandkörbeStrandkorb / Schnäppchen Herzlich willkommen bei strandkorb.co, Ihrem Shop für Strandkörbe In unserem Strandkorb-Onlineshop erwartet Sie ein breites Angebot an hochwertigen und preisgünstigen Strandkörben und Strandkorbhüllen. Neben diversem Strandkorbzubehör präsentieren wir Ihnen eine gut sortierte Auswahl exklusiver Rattanmöbel sowie pflegeleichte Gartenmöbel. Strandkorb-Onlineshop: Urlaubsfeeling für Ihr Zuhause Sie träumen von einem entspannten Urlaub am Meer? Sie lieben es, Ihre Beine hochzulegen und die Seele baumeln zu lassen? Erleben Sie einen Hauch Strandurlaub in Ihrem eigenen Garten: mit einem echten Strandkorb. Finden Sie in unserem Angebot Ihr Strandkorb Wunschmodell oder nutzen Sie unseren praktischen Strandkörbe Konfigurator, um verschiedene Stoffmuster auszuprobieren. Stöbern Sie bequem von zu Hause aus durch unseren Strandkorb-Onlineshop. Seit 2009 bauen wir unser Sortiment an hochwertigen Wohnartikeln für Haus und Garten stetig aus. So profitieren Sie von einer breiten Auswahl zum überzeugenden Preis-Leistungs-Verhältnis. Elegante Rattanmöbel für Garten, Balkon oder Terrasse Genießen Sie laue Sommerabende gerne im Freien? Dann sind unsere Rattanmöbel genau das Richtige für Sie. Entdecken Sie unsere überzeugende Auswahl an witterungsfesten, pflegeleichten Sitzgruppen für den Einsatz unter freiem Himmel. Damit schaffen Sie sich einen idyllischen Essplatz für gemütliche Stunden mit Freunden oder der Familie. Zuverlässiger Schutz: Strandkorbhüllen Strandkorbhüllen gewähren Ihrem Strandkorb das ganze Jahr über einen verlässlichen Schutz vor Regen und Sonneneinstrahlung. Wir bieten Ihnen perfekt zugeschnittene Schutzhüllen aus PVC sowie handgenähte Strandkorb Hauben aus schwerem Segeltuch. Schnelle Bearbeitung und kurze Lieferfristen Bestellen Sie Ihren selbst konfigurierten Strandkorb, ein Schnäppchenangebot oder Ihre neuen Rattanmöbel direkt in unserem Strandkorb-Onlineshop. Auf attraktive Preise, faire Versandkosten und eine schnelle Lieferung können Sie sich verlassen. Kontakt - Service - Info Ausgezeichnet Sicher bezahlen mit Mobile Apps Links Kontaktformular Unsere AGB Widerrufsbelehrung Impressum Strandkorb Aufbauanleitung Top Angebote bei unseren Strandkörben Versandkosten & Zahlung Zubehör für Strandkörbe Privatsphäre Datenschutz Über Möbel Promenade 4.68/5.0041 Bewertungenvon hier, ebay.de, amazon.de strandkorb.co Mobile Webseite Sitemap Webdesign & Shopsystem Suchmaschinenoptimierung Gartenmöbel Blog *Statt- und durchgestrichene Preise beziehen sich auf den vorherigen Verkaufspreis. Alle Preise inkl. 19% MwSt ggf. zzgl. Versandkosten "
164,stroeh.de," Ströh - Pferdefutter und Reitartikel für Ihr Pferd Cookies erleichtern die Bereitstellung unserer Dienste. Mit der Nutzung unserer Dienste erklären Sie sich damit einverstanden, dass wir Cookies verwenden. OK Schnelle Lieferung 48h umweltgerechter Versand Service-Telefon 0180 - 23 88 888 Login Impressum Kontakt Newsletter 4133 Artikel 131 Marken 169 Produkttests 86 Problemfälle Toggle navigation Menu Mein KontoPferdefutterEinzelfuttermittelLuzerne & HeucobsRübenschnitzelHaferGersteMaisLeinsamenSonstigesMisch & ErgänzungsfuttermittelMüslis ohne HaferMüslis mit HaferMüslis mit StrukturGetreidefreiBio PferdefutterPelletsAufbaufutterFohlenfutterSpezialfutterMashMineralfuttermittelMineralfuttermittel WeidePferdefutter mit KräuternLecksteineRaufutterÖleLeckerli und BelohnungFutterautomatenFutteranalysenPflege & ZubehörReflektorartikelPflegemittelFellpflegeMähnen- und SchweifpflegeHautpflegeHufpflegeWaschmittelLederpflegeVerbisschutzPutzzeugPutzboxen & CoBürsten & KardätschenHufkratzer & PinselMähnenzubehörWaschzubehörSonstigesStall & WeideEinstreuHobelspäneWeichholzHolzpelletsSägemehlFlachsStallbedarfEimer, Tröge & TränkenHeunetzeLecksteinhalterStallhygieneTrensen & SattelhalterSonstiger StallbedarfDünger & SaatenBodenanalyseWeidedüngerDüngerstreuerSaatgutSchubkarrenLED Stall & HallenbeleuchtungPferdInhalatorenGeräte & KomplettsetsZubehörSchermaschinen & Co.PferdedeckenAbschwitzdeckenAusreitdeckenOutdoordeckenOutdoordecken bis 100gOutdoordecken bis 200gOutdoordecken mehr als 200gsonstige DeckenZubehörSchabracken und SatteldeckenDressurVielseitigkeitHalfter und StrickeAnbindestricke standardAnbindestricke BaumwolleFührkettenNylonhalfter StandardNylonhalfter unterlegtNylonhalfter FellSonstige HalfterZubehörTrensen und GebisseDoppelt gebrochenEinfach gebrochensonstige GebisseEnglisch & KombiniertHannoverschesGebisslose TrenseStirnbänderZubehörSattelzubehörKurzgurteNylongurteMemory GurtSattelschonerSteigbügelSteigbügeleinlagenSteigbügelriemenSonstigesHilfszügel & ZügelDreieckszügelLaufferzügelSchlaufzügelHalsverlängererMartingalVorderzeugThiedemannzügelChambon komplettAusbindezügelLederzügelGurtzügel mit GummiGurtzügel StandardLongierbedarfLongiergurteLongenLongierhilfenGerten und SporenSporenSporenriemenBeinschutz und HufschutzFleece BandagenBandagierunterlagensonstige BandagenGamaschenFesselkopfgamaschenTransportgamaschenHufglockensonstiger BeinschutzFliegenschutzFliegenschutzmittelFliegendeckenFliegenmaskenFliegenfransenOhrenhaubenHaaranalysenSonstigesReiterNahrungsergänzungsmittelBücher und MedienHandschuheReithandschuhe BaumwolleReithandschuhe mit GripReithandschuhe SynthetikReithandschuhe LederReithandschuhe SommerReithandschuhe WinterReitkappenZubehörSicherheitswestenBekleidungOberbekleidungUnterbekleidungGelenkschonerSocken/SohlenSonstige BekleidungStiefelpflege und -zubehörWasch- und PflegemittelTurnierbedarfSonstigesHund & KatzeHundefutterKatzenfutterErgänzungsfuttermittelPflegeprodukteHundedeckenZubehörSale & Angebote (0) Keine Waren auf dem Merkzettel (0) Keine Waren im Warenkorb Feedscanner Problemfälle Neuheiten Markenwelt Produkttest Feedscanner Problemfälle Neuheiten Markenwelt Produkttest Feedscanner Problemfälle Neuheiten Markenwelt Produkttest Feedscanner Problemfälle Neuheiten Markenwelt Produkttest Feedscanner Problemfälle Neuheiten Markenwelt Produkttest Feedscanner Problemfälle Neuheiten Markenwelt Produkttest Feedscanner Problemfälle Neuheiten Markenwelt Produkttest Feedscanner Problemfälle Neuheiten Markenwelt Produkttest Feedscanner Problemfälle Neuheiten Markenwelt Produkttest Feedscanner Problemfälle Neuheiten Markenwelt Produkttest Feedscanner Problemfälle Neuheiten Markenwelt Produkttest Feedscanner Problemfälle Neuheiten Markenwelt Produkttest Feedscanner Problemfälle Neuheiten Markenwelt Produkttest Zurück Weiter Feedscanner Problemfälle Neuheiten Markenwelt Produkttest Angebote mit Sparpotential - NUR BEI STRÖH Speed Arthro-San Pearls - 750 g Dose 1 Bewertung € 44,95 € 38,00 Preis pro 1 kg: 50,67 € Bestellen Shamrock Horse Block 12,5kg Leckschale - wasserunempfindlich 0 Bewertungen € 40,00 € 27,95 Preis pro 1 kg: 2,24 € Bestellen MÜHLDORFER Arthrosan 750 g Dose 2 Bewertungen € 45,00 € 29,95 Preis pro 1 kg: 39,93 € Bestellen +Gratis Artikel Marstall Force - 20kg pelletiertes Mineralfutter 17 Bewertungen € 38,50 € 32,50 Preis pro 1 kg: 1,63 € Bestellen Nebu-Tec SaHoMa II Inhalationsset GRATIS DAZU 1 Liter Atemluft 0 Bewertungen € 1143,00 € 899,00 Bestellen Magnesium Chlorid 25kg Eisfrei Reiten - für Halle und Platz 9 Bewertungen ab € 11,52 Preis pro 1 kg: 0,50 € Bestellen STIEFEL MSM 1 kg Für Gelenke, Horn und Fell 0 Bewertungen € 19,90 € 17,95 Preis pro 1 kg: 17,95 € Bestellen St.Hippolyt MUCOLYT - 25kg Horse Care 3 Bewertungen € 183,80 € 159,90 Preis pro 1 kg: 6,40 € Bestellen Absorbine Winter - Sparpaket - 30% OFF 0 Bewertungen € 75,45 € 52,80 Bestellen GRAND HOOF 2,50 kg (100 Tage) 0 Bewertungen € 69,00 € 61,99 Preis pro 1 kg: 24,80 € Bestellen GRAND Mobility Formula 60 Tabletten. 0 Bewertungen € 39,00 € 34,99 Preis pro 1 kg: 69,98 € Bestellen St.Hippolyt - 1kg Dose - Lamin Horse Care 2 Bewertungen € 28,00 € 25,68 Preis pro 1 kg: 25,68 € Bestellen MÜHLDORFER Revital Klinikum 20kg Tüte 13 Bewertungen € 37,50 € 31,95 Preis pro 1 kg: 1,60 € Bestellen +Gratis Artikel Phytovet - 1 kg Eimer More Mobility Horse 8 Bewertungen € 26,90 € 19,94 Preis pro 1 kg: 19,94 € Bestellen ECOM STRÖH Leinöl kaltgepresst 5 Liter - Kanister 3 Bewertungen € 34,25 € 23,90 Preis pro 1 kg: 4,78 € Bestellen +Gratis Artikel AGROBS Seniormineral Eimer 10 kg 4 Bewertungen € 85,00 € 69,00 Preis pro 1 kg: 6,90 € Bestellen Marstall Weide-Riegel - 20 kg Tüte 26 Bewertungen € 58,00 € 49,95 Preis pro 1 kg: 2,50 € Bestellen EGGERSMANN EMH Cool-Müsli - Papercube 750kg Eggersmann MikroHerbs - EMH 8 Bewertungen € 476,15 € 399,00 Preis pro 1 kg: 0,53 € Bestellen STIEFEL Hustenkräuter 5kg 5 Bewertungen € 82,90 € 59,94 Preis pro 1 kg: 11,99 € Bestellen AGROBS Naturmineral Tüte 25 kg 2 Bewertungen € 146,30 € 129,00 Preis pro 1 kg: 5,16 € Bestellen STIEFEL Biotin Pel 3kg 0 Bewertungen € 89,90 € 59,00 Preis pro 1 kg: 19,67 € Bestellen AGROBS Weidemineral-CobsTüte 25 kg 1 Bewertung € 146,30 € 108,99 Preis pro 1 kg: 4,36 € Bestellen KANNE Bio-Fermentgetreide - 20kg Tüte 26 Bewertungen € 77,15 € 56,71 Preis pro 1 kg: 2,84 € Bestellen EquiLife Vitex-Equids 5 Liter 3 Bewertungen € 107,00 € 90,95 Preis pro 1 Liter: 18,19 € Bestellen St.Hippolyt 25kg Tüte - UNGULAT Horse Care 8 Bewertungen ab € 156,99 Preis pro 1 kg: 6,85 € Bestellen Sand Exit (Müsli) 1,5kg Eimer 0 Bewertungen € 34,50 € 19,94 Preis pro 1 kg: 13,29 € Bestellen EGGERSMANN Mineral Bricks- 25 kg -Tüte (KNOBLAUCH) 4 Bewertungen € 36,20 € 29,95 Preis pro 1 kg: 1,20 € Bestellen Panto Leckschale für Pferde 10kg 0 Bewertungen € 11,25 € 10,68 Preis pro 1 kg: 1,07 € Bestellen 5% MÜHLDORFER Revital Klinikum 20kg Tüte 13 Bewertungen € 37,50 € 31,95 Preis pro 1 kg: 1,60 € Bestellen +Gratis Artikel Phytovet - 1 kg Eimer More Mobility Horse 8 Bewertungen € 26,90 € 19,94 Preis pro 1 kg: 19,94 € Bestellen ECOM STRÖH - 1000 ml Atemluft flüssig MHD 05/2019 37 Bewertungen ab € 15,95 Preis pro 1 kg: 29,90 € Bestellen +Gratis Artikel GRAND HOOF 2,50 kg (100 Tage) 0 Bewertungen € 69,00 € 61,99 Preis pro 1 kg: 24,80 € Bestellen St.Hippolyt - 3kg Eimer -Movicur Horse Care 12 Bewertungen ab € 30,97 Preis pro 1 kg: 11,27 € Bestellen Salzleckstein 3er Sparpack 3 x 10kg weiß 3 Bewertungen € 23,25 € 17,49 Preis pro 1 kg: 0,58 € Bestellen +Gratis Artikel ECOM STRÖH Grünlippmuschel veredelt 2,8kg 20 Bewertungen € 135,00 € 99,95 Preis pro 1 kg: 35,70 € Bestellen +Gratis Artikel Magnesium Chlorid (50 x 25kg) - 1250kg Palette Eisfrei Reiten - für Halle und Platz 9 Bewertungen ab € 495,27 Preis pro 1 kg: 0,45 € Bestellen St.Hippolyt - 30kg Feedbox - STRUKTUR ENERGETIKUM Der Klassiker in günstig 67 Bewertungen € 39,75 € 36,40 Preis pro 1 kg: 1,21 € Bestellen Nebu-Tec SaHoMa II Inhalationsset GRATIS DAZU 1 Liter Atemluft 0 Bewertungen € 1143,00 € 899,00 Bestellen ECOM PROBIOMEL Daily 14 x 60ml - Immunbooster Fermentiert ohne Zuckerzusatz 1 Bewertung € 29,95 € 24,94 Bestellen +Gratis Artikel Winterlich empfohlen vom STRÖH Team Leckerlie-Backmischung - Kräuterkonfekt 250ml 0 Bewertungen ab € 7,27 Preis pro 1 kg: 31,80 € Bestellen SiMPLEFEEDER - Leisure C30 Futterautomat Für eine naturnahe und kosteneffektive Rationsgestaltung bei der Pferdefütterung 0 Bewertungen € 359,40 Preis pro 1 kg: 44,93 € Bestellen Magnesium Chlorid (50 x 25kg) - 1250kg Palette Eisfrei Reiten - für Halle und Platz 9 Bewertungen ab € 495,27 Preis pro 1 kg: 0,45 € Bestellen St.Hippolyt - 30kg Feedbox - STRUKTUR ENERGETIKUM Der Klassiker in günstig 67 Bewertungen € 39,75 € 36,40 Preis pro 1 kg: 1,21 € Bestellen Salvana SALVASTAR PS 25kg Karton Mineral im Quadrat 27 Bewertungen ab € 45,97 Preis pro 1 kg: 1,96 € Bestellen +Gratis Artikel Mühldorfer Echinacea Müsli 20 kg Das Prophylaktikum im Winter 0 Bewertungen ab € 23,10 Preis pro 1 kg: 1,23 € Bestellen +Gratis Artikel AGROBS Aspero -20kg Ballen 4 Bewertungen ab € 19,50 Preis pro 1 kg: 1,00 € Bestellen Höveler Myoprotect Powder 1,5kg Eimer Equinova-Line 0 Bewertungen ab € 56,52 Preis pro 1 kg: 39,93 € Bestellen KERBL Heunetz 160x100 cm weiß, Maschenweite3 x3 cm 0 Bewertungen ab € 28,24 Preis pro 1 kg: 30,00 € Bestellen ROECKL Reithandschuh Ladies JULIA schwarz Gr. 8 0 Bewertungen ab € 44,17 Bestellen EQUINE 74 2 kg 6 Wochen Ration 1 Bewertung ab € 74,65 Preis pro 1 kg: 39,95 € Bestellen Magnesium Chlorid 25kg Eisfrei Reiten - für Halle und Platz 9 Bewertungen ab € 11,52 Preis pro 1 kg: 0,50 € Bestellen Thermo-Outdoordecke Astana LIGHT navy 100g Gr.145 0 Bewertungen ab € 98,12 Bestellen Cura Caballo Johannisbrot gesackt 20 kg Tüte ideal in der Herbstfütterung 7 Bewertungen € 19,90 Preis pro 1 kg: 1,00 € Bestellen ZEDAN Fessel-Fit maucare 250ml Dose 0 Bewertungen € 23,00 Bestellen Scan-Horse Regendecke 100g Gr.145cm blau 0 Bewertungen ab € 83,12 Bestellen Salvana Zink Fit - 500g Dose 1 Bewertung ab € 14,06 Preis pro 1 kg: 31,00 € Bestellen +Gratis Artikel Speed BacControl 500 ml 4 Bewertungen ab € 25,32 Bestellen Nature´s Best Flohsamen Mash, 7,5 kg Eimer 2 Bewertungen ab € 42,34 Preis pro 1 kg: 6,00 € Bestellen GladiatorPLUS Pferd - 1000 ml Flasche 7 Bewertungen ab € 84,06 Preis pro 1 kg: 89,90 € Bestellen ECOM STRÖH - Kieselgur +4 - 5kg Roundpacker 8L ACHTUNG: KIESELGUR IST ERST AB 04.01.2018 WIEDER VERFÜGBAR 101 Bewertungen ab € 17,59 Preis pro 1 kg: 4,12 € Bestellen +Gratis Artikel AGROBS Weidemineral-Cobs Eimer 3kg 1 Bewertung ab € 23,98 Preis pro 1 kg: 8,40 € Bestellen Scan-Horse Maulkorb schwarz Gr. M 0 Bewertungen ab € 23,30 Bestellen STIEFEL Stoffwechselkräuter - 1kg ehemals Chromkräuter 0 Bewertungen ab € 20,63 Preis pro 1 kg: 22,90 € Bestellen Dr. Weyrauch Nr. 11 TOP-Mash 600g 0 Bewertungen ab € 37,41 Preis pro 1 kg: 65,00 € Bestellen St.Hippolyt - 3kg Eimer -MIKROVITAL Horse Care 12 Bewertungen ab € 44,36 Preis pro 1 kg: 16,65 € Bestellen Leovet Zinkoxid-Spray 200 ml 0 Bewertungen ab € 10,33 Bestellen STRÖH - 20kg Tüte HORSE MASH TESTSIEGER - 1,0 21 Bewertungen ab € 16,78 Preis pro 1 kg: 0,95 € Bestellen +Gratis Artikel ECOM STRÖH - Bierhefe - 5kg Roundpacker 1 Bewertung ab € 28,37 Preis pro 1 kg: 6,50 € Bestellen +Gratis Artikel ECOM STRÖH Ingwer - med 1kg Dose Pellets 20 Bewertungen ab € 9,97 Preis pro 1 kg: 11,75 € Bestellen +Gratis Artikel AGROBS CompactKarton 15 kgTüte 23 Bewertungen ab € 18,85 Preis pro 1 kg: 1,30 € Bestellen BERGSIEGEL Rehe-Akut 1kg Tüte 0 Bewertungen ab € 34,72 Preis pro 1 kg: 37,40 € Bestellen Beauty & Pflege fürs Pferd und Equipment. Equistar Schweifspray 750 ml mit Sprüher 8 Bewertungen ab € 14,29 Bestellen GRAND Hoof Formula Strahlpflege 1 Injektor 1 Injektor 0 Bewertungen ab € 9,16 Bestellen Oakwood Lederpflege 125g Tube Leather Conditioner 9 Bewertungen ab € 8,85 Bestellen Canter Mane & Tail Conditioner 600ml 1 Bewertung ab € 14,76 Bestellen KERALIT HUF FESTIGER 250ml Flasche mit Pinsel und Anleitung 2 Bewertungen € 33,90 Bestellen Leovet 5 Sterne Striegel 750 ml 0 Bewertungen ab € 12,54 Bestellen Auf Herz und Nieren geprüft. Produkte kostenlos testen? Was die Werbung um Futter und Pflege alles verspricht, hinterfragen wir mit unseren Produkttests, die wir gemeinsam mit unseren Kunden durchführen. Wer sicher gehen will, das er nicht die Katze im Sack kauft, der orientiert sich genau hier. Hier kommt die Wahrheit ungeschminkt zur Sprache. Darum prüfe wer sich ewig bindet. Mehr lesen Wir haben ihn gefunden! Sie suchen den besten Preis? Unterm Strich zählte der Preis oder? Für uns ist es das, was man dafür bekommt. Fast alle unsere Produkte haben einen rabattierten Sonderpreis. Auf Nachfrage gibt es in jedem Warenkorb die Möglichkeit über den Einkaufswert einen günstigeren Preis zu erfragen, denn da geht noch was. Mehr lesen Der FEED-SCANNER checkt es! 2,5 Mio. Futterdaten im Kopf? Über 1800 verschiedene Pferdefuttermittel, über 130 Marken mit über 1200 verschiedenen möglichen Inhalts- und Zusatzstoffen (Getreide, Kräuter, Vitamine, Spurenelemente und Wirkstoffe) und 78 Krankheiten & Problemstellungen. Das sind fast 2 Mio. Datenfelder. Wer behält da den Überblick? Finden Sie was Sie suchen - oder eben auch nicht suchen. Der FEED-SCANNER Eine einmalige Innovation von STRÖH. Mehr lesen Pferdewelt wie sie mir gefällt. Produktneuheiten Horse Store Hamburg 30 Tage money back Reiterhöfe Verzeichnis Kunden über uns Yeah - auf zum SALE Markenwelten All about the money Bezahlen ganz einfach gemacht Zu jedem Einkauf gehört das liebe Geld. Damit es für Sie so einfach wie möglich ist, bieten wir alle führenden Internet-Zahlungsmittel an. Stammkunden bieten wir sogar den klassischen Kauf auf Rechnung an. Interessiert? Rufen Sie uns an. Mehr lesen Ist online kaufen sicher? Datensicherheit bei STRÖH Vertrauen kann man nicht kaufen. So wie Ihr Pferd Ihnen vertraut, so gehen wir mit Ihren Daten um. Sicherheit auf hohem Niveau ist bei STRÖH selbstverständlich. Mehr lesen Wertvoll Ein Tipp von Freunden Tue etwas Gutes und rede darüber. Wir sind dankbar für Weiterempfehlungen - und wenn sich unsere Bemühungen für Ihre Zufriedenheit in einen neuen Kunden verwandeln, dann belohnen wir Sie. Mehr lesen Infothek AGB Downloads Impressum Kontakt Newsletter Pressematerial Shooting-Stars Unsere Marken Widerruf Service Reiterhöfe Tierärzte 30 Tage Money Back Best Price ab € 299 Futterberatung Ihre Bewertung bitte Lieferkosten Neuheiten - Top 20 Produkttest Servicetelefon Zahlungsmittel bei Ströh Düngerrechner Saatenrechner Über uns Facebook Twitter Instagram Unser Team In der Presse Kunden über uns Partner Unsere Vita Ströh & Friends Horse Store Meinung & Sicherheit Datenschutz 4.57/5.001.429 Bewertungen Service-Telefon 0180 - 23 88 888 Besuchen Sie uns auch hier "
165,svggermany.de," Physiotherapie & Praxisausstattung (Therapieliegen) | SVG Medizinsysteme GmbH & Co. KG Zertifiziert seit 09.10.2012×Zertifizierter Shop Expertenberatung im großen 320m² Showroom! Top Qualitätsprodukte Beratungs-Hotline: +49(0)7041 9615-0 Kostenloser Versand ab 99,00€ Es wurde festgestellt, dass Cookies in Ihrem Browser deaktiviert sind. Um SVG Medizinsysteme GmbH & Co. KG in vollem Umfang nutzen zu können, empfehlen wir Ihnen, Cookies in Ihrem Browser zu aktiveren. Um SVG Medizinsysteme GmbH & Co. KG in vollem Umfang nutzen zu können, empfehlen wir Ihnen Javascript in Ihrem Browser zu aktiveren. Versandkosten und Infos | Kontakt Ihr Komplettausstatter für Therapie, Reha und Training! Menü Suchen Suchen Mein Konto Warenkorb 0 0,00 €* Praxisbedarf & -ausstattungMassage & WellnessTherapieSportmedizin & FitnessSVG ProduktweltMarken Zur Kategorie Praxisbedarf & -ausstattung Büro-Organisation Erste Hilfe Garderoben Handtücher & Bezüge Hocker Hygiene und Desinfektion Klettern und Turnen Lagerungsmaterial Lehrtafeln und Skelette Messgeräte und Waagen Notrufanlagen Spiegel Zur Kategorie Massage & Wellness Aromatherapie Akupunktur Hot Stone Koffermassagebänke Körperpflege Massageöle Massageliegen Massagehelfer Traditionelle Chinesische Medizin Wasser-Kopfkissen Wärme & Heizkissen Zur Kategorie Therapie Elektrotherapie Fuß- & Gelenktraining Handtraining MTT-Geräte Therapieliegen Propriozeptives Training Schlingentherapie wellengang Schwingungstrainer Bewegungstrainer Wärmetherapie Zirkeltraining Zur Kategorie Sportmedizin & Fitness Ballkissen Bälle Bandagen Cardiogeräte Faszientraining & Triggerhilfen Gewichte Gymnastik Gymnastikmatten Kältetherapie Koordination Pilates & Yoga Pulsuhren Salben & Lotionen Sportgeräte Sportkoffer & Betreuertaschen Steps Schwingstäbe Tapes/Verbände Trampoline Wärmetherapie Widerstandstraining Wundversorgung Zur Kategorie SVG Produktwelt Schwingungstraining (wellengang) Therapieliegen Medizinische Trainingstherapie (MTT) Praxisbedarf Zur Kategorie Marken Airex Bad Aiblinger BenPed Bela Bioswing Blackroll BSN Chiroflow Compex Couppee Cramer Emotion Fitness Ergo-Fit Flexi-Bar Flexall Formades K-Active Leukotape Mambo McDavid MFT mobisit MSD Nawa NOVAK M Omron Pedalo Pezzi-Ball Polar PremiumCare Primavera Reha-Line 2.0 Seca Soehnle Sprintex Spitzner SVG Thera-Band Togu Trimilin U.N.O Variosling Volley Weleda wellengang  Menü schließen Kategorien Praxisbedarf & -ausstattung Massage & Wellness Therapie Sportmedizin & Fitness SVG Produktwelt Marken Informationen Kontakt Versand Widerrufsbelehrung Datenschutz * Preise inkl. gesetzlicher MwSt. zzgl. Versandkosten SVG Qualität Telefonische Unterstützung und Beratung unter:+49(0)7041 9615-0Mo-Do 08:00 - 12:00 Uhr und 13:00 - 18:00 Uhr Fr 08:00 - 13:00 Uhr Datenschutzerklärung Haftungsausschluss Widerrufsbelehrung AGB Impressum Kontakt Ihre Bestellung Mein Konto Lieferung und Versand Versandkosten und Infos Wir liefern nach: Deutschland Sicher Einkaufen Zahlungsarten Zertifikate und Vertrauen Newsletter Newsletter Anmeldung - 10 EUR Anmeldebonus Service Downloads Kontakt Praxisbedarf & -ausstattung Büro-Organisation Erste Hilfe Garderoben Handtücher & Bezüge Hocker Hygiene und Desinfektion Klettern und Turnen Lagerungsmaterial Lehrtafeln und Skelette Messgeräte und Waagen Notrufanlagen Spiegel Massage & Wellness Aromatherapie Akupunktur Hot Stone Koffermassagebänke Körperpflege Massageöle Massageliegen Massagehelfer Traditionelle Chinesische Medizin Wasser-Kopfkissen Wärme & Heizkissen Therapie Elektrotherapie Fuß- & Gelenktraining Handtraining MTT-Geräte Therapieliegen Propriozeptives Training Schlingentherapie wellengang Schwingungstrainer Bewegungstrainer Wärmetherapie Zirkeltraining Sportmedizin & Fitness Ballkissen Bälle Bandagen Cardiogeräte Faszientraining & Triggerhilfen Gewichte Gymnastik Gymnastikmatten Kältetherapie Koordination Pilates & Yoga Pulsuhren Salben & Lotionen ... mehr SVG Produktwelt Schwingungstraining (wellengang) Therapieliegen Medizinische Trainingstherapie (MTT) Praxisbedarf Marken Airex Bad Aiblinger BenPed Bela Bioswing Blackroll BSN Chiroflow Compex Couppee Cramer Emotion Fitness Ergo-Fit Flexi-Bar Flexall Formades K-Active Leukotape Mambo McDavid MFT mobisit MSD Nawa NOVAK M Omron Pedalo Pezzi-Ball Polar PremiumCare Primavera Reha-Line 2.0 Seca Soehnle Sprintex Spitzner SVG Thera-Band Togu Trimilin U.N.O Variosling Volley Weleda wellengang Zertifikat prüfenKäuferschutzbedingungen Impressum Datenschutz+Maximieren×SchließenZertifizierter ShopZertifikat prüfenKäuferschutzbedingungen Impressum Datenschutz–Minimierensvggermany.de×KäuferschutzSie können sich nach dem Einkauf für die kostenlose Trusted Shops Mitgliedschaft Basic anmelden, inkl. Käuferschutz bis je 100 € für den aktuellen Einkauf sowie für Ihre weiteren Einkäufe in deutschen Shops mit dem Trusted Shops Gütesiegel.Mit Trusted Shops PLUS (inkl. Garantie) werden Ihre Einkäufe sogar bis je 20.000 € durch den Käuferschutz (inkl. Garantie) abgesichert, für 9,90 € pro Jahr inkl. MwSt. bei einer Mindestvertragslaufzeit von 1 Jahr. Die Absicherungsdauer des Käuferschutzes pro Einkauf beträgt in beiden Fällen 30 Tage.Es gelten die Mitgliedschafts- und Käuferschutzbedingungen.Zertifiziertseit 09.10.2012Käuferschutzbis zu 20.000 €"
166,swisswellness.com," SwissWellness | Gutscheine für die schönsten Wellnesshotels Skip to main content Willkommen auf Swisswellness.com Gutscheine für die schönsten Wellnesshotels Reise Magazin Hotelsuche Wellness Bonus Wellness Gutschein verschenken Wo möchten Sie entspannen? Finden Sie jetzt Ihren perfekten Wellnessurlaub oder verschenken Sie einen Gutschein für die schönsten Wellnesshotels in der Schweiz, Österreich, Deutschland und Italien. Schweiz Österreich Deutschland Italien Alle Hotels anzeigen Swisswellness Gutscheine Das perfekte Geschenk SwissWellness Gutscheine sind die perfekte Wellness-Geschenk-Idee für jeden, der seiner Alltagshektik entfliehen will. Sie werden wie Bargeld in über 180 Wellnesshotels akzeptiert. Suchen Sie sich Ihr Lieblingshotel selber aus und buchen Sie Ihre Wohlfühlzeit. Alle Vorteile: Gültig in über 180 Hotels Frei wählbare Beträge Einfache Bezahlung per Rechnung Versand per Post oder Sofort-Download und PDF Versand Jetzt Gutschein verschenken Lieblingshotels für Ihre Auszeit im neuen Reisemagazin 2017/18 Tolle Angebote für den kommenden Winter und das Frühjahr erwarten Sie zum direktbuchen. Jetzt entdecken » Österreich / Tirol Hotel Seespitz Herzlich willkommen in Seefeld und dem charmanten Vier-Sterne-Hotel Seespitz,. Es begrüsst Sie direkt am naturgeschützten, malerischen Wildsee. Das Hotel verwöhnt seine Gäste mit perfektem Service und stilvollem Ambiente und bietet somit die... Zimmer ab 100 EUR Italien / Eisacktal SILENA - THE SOULFUL HOTEL SILENA - THE SOULFUL HOTEL ist ein Ort zum Abtauchen und Erleben, zum Abheben und Schweben über den Dingen hier auf 1.354 ü.d.M. auf dem Sonnenplateau von Vals in Südtirol, gleich am Lift ins Skiparadies Gitschberg-Jochtal. Und vor allem ist das... Zimmer ab 104 EUR Schweiz / Bern Golfhotel Les Hauts de Gstaad Das familiär geführte GOLFHOTEL Les Hauts de Gstaad & SPA heisst Sie im Saanenland herzlich willkommen! Hier erleben Sie Schweizer Gastfreundschaft und erholsame Urlaubsmomente, um sich rundum wohlzufühlen. Zimmer ab 150 CHF Deutschland / Baden-Württemberg Seehotel Off Herzlichkeit und familiäre Atmosphäre sorgen im 4-Sterne Seehotel Off für einen entspannten und rundum sorglosen Urlaub. Direkt am Ufer des Bodensees erwarten Sie zahlreiche Freizeitmöglichkeiten, Wellness-Wohlfühlmomente und die beste Erholung in... Zimmer ab 67 EUR Deutschland / Baden-Württemberg Hotel Kreuz-Post Traumhafte Lage am Fuße der Weinberge, mit 35 gemütlichen Zimmern und eine mehr als 200-jährige Tradition der Gastlichkeit – in der Kreuz-Post fühlt man sich auch fern der Heimat sofort heimisch. Tauchen Sie ab vom Alltag und tauchen Sie ein in... Zimmer ab 138 EUR Österreich / Steiermark Heiltherme Quellenhotel Bad Waltersdorf Die Steiermark heißt Sie willkommen im ersten 2-Thermenresort Österreichs. Das Quellenhotel Bad Waltersdorf lädt ein, im quellfrischen Thermalwasser neue Lebensernergie zu tanken! Das natürliche Ambiente und die freundlichen Mitarbeiter machen das... Zimmer ab 127 EUR Schweiz / Schwyz Panorama Resort & Spa Im exklusiven Panorama Resort & Spa in Feusisberg erwartet Sie zuvorkommender Service, herzliche Gastfreundschaft und ein Ambiente, in dem man die Liebe zum Detail spürt. Fühlen Sie sich sofort rundum wohl und geniessen Sie Ihren besonderen... Zimmer ab 220 CHF Deutschland / Schwarzwald Bio- & Wellnesshotel Alpenblick Das originale Schwarzwald Hotel mit modernem Wellnessbereich liegt im Herzen von Höchenschwand, Deutschlands höchstgelegenen heilklimatischen Kurort im Schwarzwald. Hier im Naturpark Südschwarzwald finden Sie nahezu unbegrenzte Möglichkeiten für... Zimmer ab 140 EUR Buchen Sie Ihr Lieblingshotel mit Happy Rabatt und lassen Sie sich verwöhnen. Stöbern Sie in unseren Angeboten und profitieren Sie… ! zu den Schnäppchen Swisswellness Gewinnspiel Jeden Monat Wellness gewinnen Jetzt an unserem monatlichen Gewinnspiel teilnehmen! Es gibt in jedem Fall Wellness in den schönsten Hotels zu gewinnen. Vielleicht steht Ihnen die Glücksfee zur Seite und Sie erleben Ihr Traum Weekend in einem Wellness Hotel, das Sie herzlich verwöhnt. Machen Sie mit und versuchen Sie Ihr Glück! Die Teilnahme ist kostenlos. SwissWellness drückt Ihnen die Daumen! jetzt teilnehmen und gewinnen Kontakt SwissWellness Consulting GmbH Postfach 74 CH-8262 Ramsen Tel: +41 (0) 52 741 40 30 info@swisswellness.comwww.swisswellness.com Unser Service Unsere Hotels Schweiz Deutschland Italien Österreich Gutschein kaufen Die B2B Geschenkidee Hotelpartner werden Info Impressum AGB & Datenschutz Kontakt Administration Hotel Login zum Newsletter anmelden "
167,taffstyle.de," Flesh Tunnel, Piercings, Ohr Plugs | Taffstyle® | Piercing Shop Sehr gut4.62/5.00Zertifiziert seit 02.02.2012×Zertifizierter Shop JavaScript scheint in Ihrem Browser deaktiviert zu sein. Sie müssen JavaScript in Ihrem Browser aktivieren, um alle Funktionen in diesem Shop nutzen zu können. GRATIS LIEFERUNG ab 20 Euro innerhalb DE Menü Suche Mein Benutzerkonto GRATIS LIEFERUNG ab 20 Euro innerhalb DE VERSAND AM SELBEN TAG PUNKTE SAMMELN UND GÜNSTIG EINKAUFEN Mein Wunschzettel Anmelden Service Service Links Liefer- & Versandinformation Kundendienst & E-Mail Support WhatsApp Newsletter Mehr über Taffstyle-Punkte Piercing-Größentabelle Kontakt TAFFSTYLE Markt 11, 08451 Crimmitschau Tel: 0800 / 8811225 Erreichbar von Mo. bis Fr. 9.00 - 18.00 Uhr E-Mail: kontakt@taffstyle.de Hotline: 0800 / 8811225 Taffstyle Piercingschmuck und Piercing Shop Warenkorb Sie haben keine Artikel im Warenkorb. Suche: Suche Menü Flesh TunnelSilikon TunnelKunststoff TunnelEdelstahl TunnelOrganische TunnelHolz TunnelHorn TunnelKnochen TunnelKristall TunnelMotiv TunnelTitan TunnelAluminium TunnelPlugsSilikon PlugsOrganische PlugsHolz PlugsHorn PlugsLED PlugsGlas PlugsStein PlugsEdelstahl PlugsKunststoff PlugsMotiv PlugsKristall PlugsLiquid PlugsTitan PlugsSpezial PlugsPicture PlugsPiercingsAugenbrauenpiercingKunststoffTitan G23Chirurgenstahl925 Silber585 GoldBauchnabelpiercingBioflexSchwangerschaftChirurgenstahl585 GoldTitan G23LippenpiercingTitan G23ChirurgenstahlKunststoff925 SilberLippenbändchenChirurgenstahlZungenpiercingChirurgenstahlTitan G23Kunststoff585 GoldNasenpiercingChirurgenstahl925 SilberKunststoff585 GoldTitan G23Septum Piercing925 SilberChirurgenstahl585er GoldTitan G23Septum Fake925 SilberChirurgenstahlIntimpiercing585 GoldChirurgenstahlTragus PiercingChirurgenstahl585 GoldHelix PiercingChirurgenstahlDermal AnchorChirurgenstahlTitan G23Skin DiverTitan G23Industrial PiercingChirurgenstahlCartilage PiercingChirurgenstahlBrustpiercingChirurgenstahl585 GoldExpanderDehnstäbeKunststoffEdelstahlOrganischTitanDehnungsstäbe SetDehnschneckenKunststoffOrganischEdelstahlDehnungsschnecken SetFake PiercingsFake DehnerFake PlugsEdelstahlTitanKunststoffKristallMagnetHolzFake PiercingChirurgenstahl925 SilberPiercing ZubehörPiercing WerkzeugePiercing PflegemittelPiercing EinzelteileModeschmuckEar CuffOhrringeFederSilberEdelstahlShamballaMit MotivHolzRingeDamen RingeBiker RingeEdelstahlTitanWolframKunststoffKeramikSilberZehenringeArmbänderEdelstahlShamballaLederSilikonKeramikKettenEdelstahlGoldShamballaPerlenLederAnhängerCharmsSchmuck SetAccessoiresGürtelSilikon GürtelLeder GürtelStoff GürtelSilikonStoffSonnenbrillenHüte & MützenHosenträgerFarbige KontaktlinsenKrawattenFanartikelTaschen & HüllenKopfhörerSki & Snowboard HelmeSchalsTücherArmbanduhrenSilikonKlassischLEDLederRetroFinger Spinner% SALE %Liquid0 mg Nikotin3 mg Nikotin6 mg Nikotin Sicher und bequem bezahlen Wir versenden mit: Service vom Taffstyle Piercing-Shop Lieferzeiten & Versandkosten Kundendienst & E-Mail Support Exklusiver Taffstyle Club WhatsApp Newsletter Mehr über Taffstyle-Punkte Piercing-Shopping App Piercing-Größentabelle Widerrufsbelehrung Datenschutz Impressum AGB Piercing Shop-Newsletter Abonnieren 5€ Gutschein Newsletter Eintragung: Bitte senden Sie mir regelmäßig Informationen zu Ihrem Produktsortiment per E-Mail zu. Ihren Newsletter kann ich jederzeit wieder abbestellen. Bei erstmaliger Anmeldung erhalten Sie einen Gutschein über 5 €. Einlösbar bei einem Einkaufswert ab 20 €. © 2016 Taffstyle® Piercing Shop - Piercingschmuck online Zertifikat prüfenKäuferschutzbedingungenAlle Bewertungen Impressum Datenschutz+Maximieren×SchließenSehr gut4.62/5.00Zertifizierter ShopZertifikat prüfenKäuferschutzbedingungenAlle Bewertungen Impressum Datenschutz–Minimierentaffstyle.de×KäuferschutzSie können sich nach dem Einkauf für die kostenlose Trusted Shops Mitgliedschaft Basic anmelden, inkl. Käuferschutz bis je 100 € für den aktuellen Einkauf sowie für Ihre weiteren Einkäufe in deutschen Shops mit dem Trusted Shops Gütesiegel.Mit Trusted Shops PLUS (inkl. Garantie) werden Ihre Einkäufe sogar bis je 20.000 € durch den Käuferschutz (inkl. Garantie) abgesichert, für 9,90 € pro Jahr inkl. MwSt. bei einer Mindestvertragslaufzeit von 1 Jahr. Die Absicherungsdauer des Käuferschutzes pro Einkauf beträgt in beiden Fällen 30 Tage.Es gelten die Mitgliedschafts- und Käuferschutzbedingungen.Zertifiziertseit 02.02.2012Käuferschutzbis zu 20.000 €×KundenbewertungenDie Note „Sehr gut“ berechnet sich aus den 314 Trusted Shops Bewertungen der letzten 12 Monate, die im Bewertungsprofil eingesehen werden können.1.270KundenbewertungenSehr gut4.62/5.00Susann D26.02.2017Super zufrieden Sofort wieder bestellt22.09.2017Ich bin sehr zufrieden...Immer wieder gern :-)22.09.2017Ich bin sehr zufrieden...Immer wieder gern :-)"
168,thomascook.de," Last Minute Urlaub, Reisen & Hotels günstig buchen | ThomasCook.de Wir verwenden aus technischen Gründen und zu Marketingzwecken Cookies. Mit der Nutzung der Seite erklären Sie sich mit dem Verfahren einverstanden.XTeil der Thomas Cook GruppeThomas Cook Login Login Merkzettel 0 Premium dcs Zurück Premium Thomas CookZurück Thomas CookSignatureSignature Finest SelectionOnline Kataloge TraumsträndeZurück TraumsträndeEuropaSüdeuropaSüdostasienIndischer Ozean TraumurlaubZurück TraumurlaubHochzeitsreisenLuxushotelsTop 10 Designhotels Pauschalreisen dcs Zurück Pauschalreisen FrühbucherZurück FrühbucherMallorcaKretaTürkeiGran CanariaFuerteventuraKosHurghadaRhodosCosta de la LuzWeitere Angebote Last MinuteZurück Last MinuteHurghadaFuerteventuraGran CanariaMallorcaTeneriffaMaledivenDubaiLanzaroteUnter 500 EuroWeitere Angebote ThemenweltenZurück ThemenweltenAngebote %All InclusiveCluburlaubErwachsenenhotelsFamilienurlaubFernreisenKreuzfahrtenRundreisenSinglereisenStädtereisen Hotel & FeWo dcs Zurück Hotel & FeWo Unsere HotelmarkenZurück Unsere HotelmarkenAldianaCasa CookSENTIDOsmartlineSunConnectSunprimeSunwing HotelZurück HotelStadthotelSkiurlaubWellnesshotelHotel und BahnSpanienDeutschlandItalienDubaiÖsterreichWeitere Angebote FerienwohnungZurück FerienwohnungFerienparksFamilienurlaubUrlaub am MeerUrlaub mit HundOstseeKroatienSpanienFrankreichSchwedenWeitere Angebote Flug dcs Zurück Flug KurzstreckeZurück KurzstreckeMallorcaTeneriffaKretaLanzaroteWeitere Angebote LangstreckeZurück LangstreckeCancunVaraderoPunta CanaHavannaWeitere Angebote Weitere AngeboteZurück Weitere AngeboteFlughafentransferParken am FlughafenHotel am FlughafenMietwagen Inspiration dcs Zurück Inspiration FerienZurück FerienOsterferienPfingstenSommerferienHerbstferienWeihnachtenSilvester ReiseideenZurück ReiseideenAbseits vom TrubelBrückentageEventkalenderMagazinNeueröffnungenReiseblogUrlaubskalenderValentinstag AktivurlaubZurück AktivurlaubAquaparksAusflügeCampingurlaubEuropa-ParkKomfort RundreisenKreuzfahrtenRundreisenSkiurlaub Service & Hilfe dcs Zurück Service & Hilfe Kontakt & ServiceZurück Kontakt & ServiceBeratungFAQKontaktReklamation & FeedbackLogin VorteileNewsletterReisebürosucheTravelguide360-Grad-Videos InformationenZurück InformationenImpressumDatenschutzFlughafenstationenNachhaltigkeitReisehinweiseService-LeistungenVeranstalter AGBVermittler AGBZahlungsart ZusatzangeboteZurück ZusatzangeboteAusflügeCondor AirshoppenFlexOptionFlughafentransferMietwagenParken am FlughafenRatenzahlungReisegutscheinReiseversicherungBeratungFAQKontaktNewsletterReisehinweiseMerkzettel 0MenuWir verwenden aus technischen Gründen und zu Marketingzwecken Cookies. Mit der Nutzung der Seite erklären Sie sich mit dem Verfahren einverstanden.XLoginZurückLoginSchon fast fertig...Bitte überprüfen Sie Ihren E-Mail-Posteingang auf neue Nachrichten und klicken Sie in der E-Mail auf den Button „Registrierung abschließen“.Sie können dies auch nach dem Abschluss der Buchung erledigen.Zurück zum EinloggenLoginSie haben noch nicht Ihre E-Mail-Adresse bestätigt. Bitte überprüfen Sie Ihr E-Mail-Postfach. Sollten Sie noch keine E-Mail erhalten haben, können Sie eine neue E-Mail anfordern.Schließen E-Mail erneut anfordernEingeloggtSie haben sich erfolgreich auf diesem Gerät eingeloggt. Ab sofort steht Ihnen Ihr persönlicher Bereich zur Verfügung.SchließenZum persönlichen BereichPasswort vergessen?Bitte geben Sie Ihre E-Mail-Adresse ein, die Sie zur Registrierung verwendet haben. Sie erhalten dann eine E-Mail mit weiteren Informationen zum Zurücksetzen des Passworts. E-Mail-AdresseAbbrechen Passwort zurücksetzenPasswort vergessen?Bitte überprüfen Sie nun Ihren Posteingang. Sie können dieses Fenster nun schließen. Zurück zum EinloggenAusgeloggtSie haben sich auf diesem Gerät ausgeloggt.SchließenMerkzettel 0ZurückIhr Merkzettel: 0 AngeboteAuf Ihrem Merkzettel befinden sich derzeit keine gespeicherten Angebote. Sie können jederzeit Angebote durch einen Klick auf die ""Merken""-Funktion hinzufügen.Haben Sie bereits einen Merkzettel-Code? Merkzettel-CodeZum Merkzettel Premium ZurückPremiumÜbersicht Premium Thomas Cook ZurückThomas CookÜbersicht Thomas CookSignatureSignature Finest SelectionOnline Kataloge Traumstrände ZurückTraumsträndeÜbersicht TraumsträndeEuropaSüdeuropaSüdostasienIndischer Ozean Traumurlaub ZurückTraumurlaubÜbersicht TraumurlaubHochzeitsreisenLuxushotelsTop 10 Designhotels ZurückPremiumÜbersicht PremiumThomas Cook ZurückThomas CookÜbersicht Thomas CookSignatureSignature Finest SelectionOnline KatalogeTraumstrände ZurückTraumsträndeÜbersicht TraumsträndeEuropaSüdeuropaSüdostasienIndischer OzeanTraumurlaub ZurückTraumurlaubÜbersicht TraumurlaubHochzeitsreisenLuxushotelsTop 10 Designhotels Pauschalreisen ZurückPauschalreisenÜbersicht Pauschalreisen Frühbucher ZurückFrühbucherÜbersicht FrühbucherMallorcaKretaTürkeiGran CanariaFuerteventuraKosHurghadaRhodosCosta de la LuzWeitere Angebote Last Minute ZurückLast MinuteÜbersicht Last MinuteHurghadaFuerteventuraGran CanariaMallorcaTeneriffaMaledivenDubaiLanzaroteUnter 500 EuroWeitere Angebote Themenwelten ZurückThemenweltenÜbersicht ThemenweltenAngebote %All InclusiveCluburlaubErwachsenenhotelsFamilienurlaubFernreisenKreuzfahrtenRundreisenSinglereisenStädtereisen ZurückPauschalreisenÜbersicht PauschalreisenFrühbucher ZurückFrühbucherÜbersicht FrühbucherMallorcaKretaTürkeiGran CanariaFuerteventuraKosHurghadaRhodosCosta de la LuzWeitere AngeboteLast Minute ZurückLast MinuteÜbersicht Last MinuteHurghadaFuerteventuraGran CanariaMallorcaTeneriffaMaledivenDubaiLanzaroteUnter 500 EuroWeitere AngeboteThemenwelten ZurückThemenweltenÜbersicht ThemenweltenAngebote %All InclusiveCluburlaubErwachsenenhotelsFamilienurlaubFernreisenKreuzfahrtenRundreisenSinglereisenStädtereisen Hotel & FeWo ZurückHotel & FeWoÜbersicht Hotel & FeWo Unsere Hotelmarken ZurückUnsere HotelmarkenÜbersicht Unsere HotelmarkenAldianaCasa CookSENTIDOsmartlineSunConnectSunprimeSunwing Hotel ZurückHotelÜbersicht HotelStadthotelSkiurlaubWellnesshotelHotel und BahnSpanienDeutschlandItalienDubaiÖsterreichWeitere Angebote Ferienwohnung ZurückFerienwohnungÜbersicht FerienwohnungFerienparksFamilienurlaubUrlaub am MeerUrlaub mit HundOstseeKroatienSpanienFrankreichSchwedenWeitere Angebote ZurückHotel & FeWoÜbersicht Hotel & FeWoUnsere Hotelmarken ZurückUnsere HotelmarkenÜbersicht Unsere HotelmarkenAldianaCasa CookSENTIDOsmartlineSunConnectSunprimeSunwingHotel ZurückHotelÜbersicht HotelStadthotelSkiurlaubWellnesshotelHotel und BahnSpanienDeutschlandItalienDubaiÖsterreichWeitere AngeboteFerienwohnung ZurückFerienwohnungÜbersicht FerienwohnungFerienparksFamilienurlaubUrlaub am MeerUrlaub mit HundOstseeKroatienSpanienFrankreichSchwedenWeitere Angebote Flug ZurückFlugÜbersicht Flug Kurzstrecke ZurückKurzstreckeÜbersicht KurzstreckeMallorcaTeneriffaKretaLanzaroteWeitere Angebote Langstrecke ZurückLangstreckeÜbersicht LangstreckeCancunVaraderoPunta CanaHavannaWeitere Angebote Weitere Angebote ZurückWeitere AngeboteÜbersicht Weitere AngeboteFlughafentransferParken am FlughafenHotel am FlughafenMietwagen ZurückFlugÜbersicht FlugKurzstrecke ZurückKurzstreckeÜbersicht KurzstreckeMallorcaTeneriffaKretaLanzaroteWeitere AngeboteLangstrecke ZurückLangstreckeÜbersicht LangstreckeCancunVaraderoPunta CanaHavannaWeitere AngeboteWeitere Angebote ZurückWeitere AngeboteÜbersicht Weitere AngeboteFlughafentransferParken am FlughafenHotel am FlughafenMietwagen Inspiration ZurückInspirationÜbersicht Inspiration Ferien ZurückFerienÜbersicht FerienOsterferienPfingstenSommerferienHerbstferienWeihnachtenSilvester Reiseideen ZurückReiseideenÜbersicht ReiseideenAbseits vom TrubelBrückentageEventkalenderMagazinNeueröffnungenReiseblogUrlaubskalenderValentinstag Aktivurlaub ZurückAktivurlaubÜbersicht AktivurlaubAquaparksAusflügeCampingurlaubEuropa-ParkKomfort RundreisenKreuzfahrtenRundreisenSkiurlaub ZurückInspirationÜbersicht InspirationFerien ZurückFerienÜbersicht FerienOsterferienPfingstenSommerferienHerbstferienWeihnachtenSilvesterReiseideen ZurückReiseideenÜbersicht ReiseideenAbseits vom TrubelBrückentageEventkalenderMagazinNeueröffnungenReiseblogUrlaubskalenderValentinstagAktivurlaub ZurückAktivurlaubÜbersicht AktivurlaubAquaparksAusflügeCampingurlaubEuropa-ParkKomfort RundreisenKreuzfahrtenRundreisenSkiurlaub Service & Hilfe ZurückService & HilfeÜbersicht Service & Hilfe Kontakt & Service ZurückKontakt & ServiceÜbersicht Kontakt & ServiceBeratungFAQKontaktReklamation & FeedbackLogin VorteileNewsletterReisebürosucheTravelguide360-Grad-Videos Informationen ZurückInformationenÜbersicht InformationenImpressumDatenschutzFlughafenstationenNachhaltigkeitReisehinweiseService-LeistungenVeranstalter AGBVermittler AGBZahlungsart Zusatzangebote ZurückZusatzangeboteÜbersicht ZusatzangeboteAusflügeCondor AirshoppenFlexOptionFlughafentransferMietwagenParken am FlughafenRatenzahlungReisegutscheinReiseversicherung ZurückService & HilfeÜbersicht Service & HilfeKontakt & Service ZurückKontakt & ServiceÜbersicht Kontakt & ServiceBeratungFAQKontaktReklamation & FeedbackLogin VorteileNewsletterReisebürosucheTravelguide360-Grad-VideosInformationen ZurückInformationenÜbersicht InformationenImpressumDatenschutzFlughafenstationenNachhaltigkeitReisehinweiseService-LeistungenVeranstalter AGBVermittler AGBZahlungsartZusatzangebote ZurückZusatzangeboteÜbersicht ZusatzangeboteAusflügeCondor AirshoppenFlexOptionFlughafentransferMietwagenParken am FlughafenRatenzahlungReisegutscheinReiseversicherungBeratungFAQKontaktNewsletterReisehinweise +++ Aktuelle Gäste-Informationen zu NIKI-Flügen +++Wir lieben UrlaubPauschalHotelFlugReiseziel / HotelXReiseziel / Hotel eingebenReiseziel / Hotel eingeben AbflughafenX Abflughäfen eingebenDeutschlandÖsterreichSchweizNiederlandeBelgienFrankreichLuxemburgItalienPolenVon Bis Dauerexakt wie angegebenbeliebig1 Woche2 Wochen3 Wochen4 Wochen1-4 Nächte5-8 Nächte9-12 Nächte13-16 Nächte17-22 Nächte>22 Nächte1 Nacht2 Nächte3 Nächte4 Nächte5 Nächte6 Nächte7 Nächte8 Nächte9 Nächte10 Nächte11 Nächte12 Nächte13 Nächte14 Nächte15 Nächte16 Nächte17 Nächte18 Nächte19 Nächte20 Nächte21 Nächte22 NächteReisedauer wählenerweiterte Sucheerweiterte SucheUrlaub findenUrlaub findenBis zu 50%Frühbucherrabatt Jetzt den Sommer buchen Größte Hotelauswahl, beliebteste Zielgebiete, beste Flugzeiten & mehr! Sommerurlaub buchen Diese Woche aktuellBei unserem Adventskalender verlosen wir täglich schöne Gewinne! Jetzt teilnehmen » Winterurlaub Buchen Sie Ihren Skiurlaub mit Schneegarantie und vielen weiteren Extras. Ab in den Schnee 25 € Rabatt für die nächste Reise Registrieren Sie sich jetzt für Ihren persönlichen Bereich und sichern Sie sich viele Vorteile. Weitere Infos Fernreisen Entfliehen Sie dem grauen Winter und reisen Sie in unvergesslich schöne Länder. Zu den Angeboten Sommerurlaub buchen Mallorca • Tolles Familienziel• Radfahren & Wandern• Flugzeit ca. 2 Stunden 7 Nächte - Halbpensionp.P. ab 322 € Gran Canaria • Schöne Bergwelt• Weite Dünenlandschaft• Flugzeit ca. 4 Stunden 7 Nächte - All Inclusivep.P. ab 418 € Hurghada • Unterwasserparadies• Sonne satt• Flugzeit ca. 4.30 Stunden 7 Nächte - All Inclusivep.P. ab 293 € Kreta • Wilde Schluchten• Wandern im Dikti-Geirge• Flugzeit ca. 4 Stunden 7 Nächte - Halbpensionp.P. ab 254 € Fuerteventura • Hot Spot für Surfer• 300 Sonnentage im Jahr• Flugzeit ca. 4 Stunden 7 Nächte - All Inclusivep.P. ab 425 € Türkische Riviera • Breite Strände• Top Preis-Leistung• Flugzeit ca. 4 Stunden 7 Nächte - All Inclusivep.P. ab 239 € PreviousNext Miami Sehenswürdigkeiten der Extraklasse, tolle Einkaufsmöglichkeiten sowie Unterhaltung, Kunst und Kultur auf allerhöchstem Niveau. Mehr erfahren Unsere Hotels In den Thomas Cook Hotels & Resorts gibt es für jeden Urlaubstyp das passende Angebot. Weitere Infos Faszinierende Inselwelt und türkisblaues Meer Jetzt entdecken! Zu den Angeboten Urlaub buchen bei ThomasCook.de | Unsere beliebtesten Reiseziele Mallorca - Inselparadies für Genießer und Aktive Ob Sie Erholung im und am Meer suchen, in herrlicher Landschaft sportlich aktiv sein wollen oder sich dem Kunstgenuss verschrieben haben: Mallorca verspricht vielfältige Urlaubsfreuden und gehört deshalb zu den beliebtesten Reisezielen.WeiterlesenTanken Sie Sonne satt in Playa de Palma, wandern Sie zu idyllischen Buchten oder unternehmen Sie eine Fahrradtour in die Berge. Erleben Sie Hafenromantik an der Cala Ratjada, liefern Sie sich mit dem Nachwuchs fröhliche Wasserschlachten am seichten Strand von Alcudia oder nutzen Sie die Freizeitangebote im Ferienort Cala Millor. Der Facettenreichtum der Insel lässt keine Wünsche offen und lädt zu ausgiebigen Entdeckungstouren ein. Ein Bummel durch die Hauptstadt Palma de Mallorca führt Sie durch verträumte Altstadtgassen oder durch lebhafte Einkaufsstraßen. Die prächtige Kathedrale La Seu hoch über der Stadt beeindruckt Besucher mit ihrem Lichtspiel im Innenraum und einem spektakulären Ausblick.Weniger Griechische Inseln - Ein Fest für die Sinne Buchen Sie jetzt Ihren Urlaub auf eine der traumhaft schönen Griechischen Inseln! Genießen Sie das wunderschöne tiefblaue Meer und die sagenhaften Strände, die faszinierenden und mystischen Spuren der griechischen Geschichte sowie eine Gastfreundschaft, die Sie so noch nicht erlebt haben.WeiterlesenDie Griechischen Inseln sind wahrlich Orte, an denen Körper und Seele so richtig zur Ruhe kommen! Mit über 2.000 Inseln, vom kleinen Atollen bis hin zu den großen Inseln wie Kreta und Rhodos - das maritime Griechenland hat für jeden Geschmack genau das Richtige zu bieten! Die schönsten Strände finden Sie beispielsweise auf Kreta, Kos, Zakynthos, Samos oder Mykonos. Wer sich für die Geschichte Griechenlands interessiert, ist insbesondere auf Rhodos, Korfu oder Kreta gut aufgehoben. Wanderfreunde werden auf Korfu voll und ganz auf ihre Kosten kommen und für Kulturinteressierte empfehlen wir neben Kreta die Inseln Rhodos oder Santorini. Passenden und günstige Angebote dazu finden Sie natürlich gleich hier, bei Thomas Cook!Weniger Malediven - Inbegriff des Traumurlaubs In allen Blau- und Grüntönen schimmernde Lagunen, Sandstrände wie aus Puderzucker und tropische Flora mit Palmen und Blumenpracht: Die Malediven sind ein wahr gewordener Urlaubstraum. Legen Sie sich in die Hängematte und lassen Sie sich in den luxuriösen Resorts der Inselgruppe nach allen Regeln der Kunst verwöhnen.WeiterlesenVom Flughafen nahe der Hauptstadt Male reisen Sie im Rahmen unserer günstigen Pauschalreiseangebote bequem in Ihr persönliches Traumdomizil. Paare in den Flitterwochen genießen den romantischen Zauber kleiner Inselresorts auf den Atollen Nord Ari und Süd Ari. Möchten Sie beim Tauchen oder Schnorcheln die schillernde Unterwasserwelt des Indischen Ozeans entdecken, wählen Sie ein Resort in der Nähe bekannter Tauchgründe wie Lhaviyani. Land und Leute lernen Sie bei einem Ausflug mit dem Schnellboot oder auf einer Fahrradtour kennen. Von der Ferienanlage Seenu auf dem Addu-Atoll führen Radwege über kleine Dämme zu den traditionellen Dörfern der Malediver.Weniger Kanaren - Vielfältige Urlaubsinseln Sie lieben Strand und Meer ebenso wie Streifzüge durch spektakuläre Naturschönheiten? Dann ist ein Urlaub auf den Kanaren genau das Richtige für Sie. Auf den Kanareninseln wandern Sie durch üppige Bergwälder und wilde Vulkanlandschaften bis zu den einzigartigen Wüstendünen.WeiterlesenDie herrlichen Strände auf Teneriffa laden zum Entspannen ein oder Sie gleiten mit einem Surfbrett elegant übers Wasser. Der Atlantik lockt mit einem erfrischenden Bad und vielfältigen Wassersportaktivitäten. Das kreisförmige Gran Canaria ist voller reizvoller Kontraste, die Sie in ihren Bann schlagen werden. Reisen Sie auf diese facettenreiche Insel und erleben Sie eine einzigartige Kombination aus Aktiv- und Wellnessurlaub. Beobachten Sie im imposanten Hafen der Hauptstadt Las Palmas, wie die Ozeanriesen vor Anker gehen oder genießen Sie einfach nur die kanarische Kultur. Doch auch die Insel Fuerteventura bietet mehr als endlose Strände. Erleben Sie einen Strandspaziergang der etwas anderen Art in den markanten Sanddünen von Corralejo. Während sich die Ostküste mit ihren endlos langen und seichten Stränden hervorragend für einen Badeurlaub mit Kindern eignet, ist der Nordosten fest im Griff konstanter Winde - zur Freude zahlreicher Surfer und Segler.Weniger Madeira - Naturparadies im ewigen Frühling Die zu Portugal gehörende Insel Madeira ist die blühende Perle des Atlantiks. An der legendären Pflanzenpracht erfreuen sich Aktivurlauber ganzjährig bei ihren Streifzügen durch die atemberaubend schönen Landschaften.WeiterlesenDas grüne Paradies mit seinen spektakulären Steilküsten und wilden Lavagipfeln beginnt direkt vor den Toren der Hauptstadt Funchal. Quartieren Sie sich in einem der erstklassigen Hotels an der Südküste ein und starten Sie zwischen Ponta do Sol und Santa Cruz Ihre Entdeckungsreise in die Natur. Eine Besichtigung der Forts und Festungen auf der Insel führt Sie auf die Spuren der portugiesischen Seefahrer und erinnert an den Abwehrkampf der Bevölkerung gegen Piraten. Nach einem erlebnisreichen Tag sorgen die umfassenden Wellness- und Spa-Angebote für Entspannung. Bei einem Bummel durch pittoreske Altstädte und entlang hübscher Uferpromenaden genießen Sie die Abendsonne und das unvergleichliche Flair der Blumeninsel.Weniger Dominikanische Republik - Die Karibik von ihrer schönsten Seite Die Dominikanische Republik ist ein ideales Reiseziel für alle Wintermüden! Ein Urlaub unter karibischer Sonne vertreibt jegliche Trübsal. Punta Cana ist das perfekte Reiseziel für einen All Inclusive Urlaub und erwartet Sie mit weißen Palmenstränden, türkis schimmerndem Meer und tropischem Flair.WeiterlesenLassen Sie sich im warmen Wasser treiben und powern Sie sich beim Wassersport aus - Sie finden mit Sicherheit Spaß und Erholung nach Ihren Wünschen. Stürzen Sie sich ins Nachtleben von Puerto Plata und bewundern Sie in der Hauptstadt Santo Domingo die koloniale Pracht alter Herrschaftshäuser und die Kathedrale aus dem 16. Jahrhundert. Das grüne Inselinnere lockt mit urigen Wander- und Mountainbike-Trails in rund 30 Nationalparks. Bei einem Ausflug in die Bucht von Samana bietet sich Ihnen zwischen Dezember und April ein besonderes Naturspektakel, wenn die Buckelwale sich zur Paarung treffen.Weniger Europa - viel Auswahl für jeden Geschmack Dadurch, dass Europa viele Anrainerstaaten am Mittelmeer hat, bieten sich viele Möglichkeiten für Urlauber, die ans Meer wollen. Eine Wassertemperatur von über 25 Grad Celsius im Sommer sind für Länder wie Kroatien, Italien, Spanien und Frankreich keine Seltenheit.WeiterlesenDiese wunderschönen südlichen Länder laden den Urlauber nicht nur aufgrund des schönen Wetters zu sich ein. Auch die Kultur und die Menschen schaffen es immer wieder durch ihre gelassene und fröhliche Lebenseinstellung ein ganz besonderes Urlaubsgefühl aufkommen zu lassen. Wer es lieber etwas wilder und aufregender mag, dem bietet sich mit den Balearen eine Partyregion, die ihresgleichen sucht. Die Balearen bieten mit ihren kilometerlangen Sandstränden und ihren Strandpromenaden genau das, was sie bei den deutschen Urlaubern so beliebt macht: Die richtigen Kombination aus Strandurlaub und Partyurlaub.Weniger Thailand - Willkommen im Land des Lächelns Reisen Sie mit einem erfahrenen Reiseveranstalter ins exotische Thailand und erleben Sie die ganze Faszination Südostasiens. Tauchen Sie in den Trubel der Metropole Bangkok ein und entdecken Sie die vielschichtige Kultur der Thai in den Tempeln und im berühmten Königspalast.WeiterlesenErholen Sie sich an den traumhaften Stränden der Ferieninsel Phuket oder genießen Sie das süße Nichtstun vor der malerischen Kulisse von Koh Samui. Drehen Sie eine Runde mit dem Jet-Ski am Strand von Pattaya und stürzen Sie sich ins Nachtleben. Ein Bootsausflug zu den Similan Islands in der Nähe von Khao Lak belohnt Taucher und Schnorchler mit eindrucksvollen Einblicken in die spektakuläre Unterwasserwelt.Weniger Karibik - Tropisches Ferienparadies Ein Urlaub in der Karibik bietet alles, um einmal so richtig die Seele baumeln zu lassen. An den wunderschönen Sandstränden von Barbados können Sie das erleben, was per Definition zu einem erholsamen Strandurlaub gehört: Ein gutes Buch am Strand lesen und die Sonne genießen.WeiterlesenWem dabei zu warm wird, kann jederzeit Abkühlung im Meer suchen. Die Wassertemperatur klettert in der Karibik regelmäßig auf über 30 Grad Celsius. Wen es etwas mehr unter Menschen zieht, auf die warmen Temperaturen aber nicht verzichten will, sollte eine Pauschalreise nach Kuba buchen. Die malerischen Städte, zu deren Highlights die Oldtimer zählen, sind immer eine Reise wert. Ein Gefühl, als wäre die Zeit still stehen lässt sich nicht vermeiden und bietet ein unvergleichliches Flair.Weniger Amerika - Viel Abwechslung hinter dem großen Teich Die USA machen Amerika zu einem der beliebtesten Reiseziele der letzten Jahre. Grund dafür sind vor allem die vielen Sehenswürdigkeiten und großen Städte wie New York oder Las Vegas, die einen jederzeit in Erstaunen versetzen können.WeiterlesenDoch auch die Westküste mit Kalifornien ist einen Besuch wert, da sie die klassische Städtereise mit einem erholsamen Strandurlaub verbindet. Doch der Traum vieler Urlauber, wenn sie an Amerika denken, liegt auf Hawaii: Traumhafte Strände und ein Urlaubsgefühl, das Entspannung pur verspricht, locken zu jeder Zeit auf die wunderschöne Insel. Egal ob zum Surfen oder um einmal mit Delfinen schwimmen zu gehen: Hawaii bietet für jeden Geschmack eine Vielzahl von Aktivitäten, auch wenn die klassische Blumenkette und die das tolle Wetter über das ganze Jahr schon Reisegründe genug sind.WenigerTop-ReisezieleEuropaBalearenIbizaKorfuPortugalKanarenLanzaroteDeutschlandMadeiraMallorcaGriech. InselnBerlinFrankreichTeneriffaKretaHamburgKroatienGran CanariaKosMünchenBulgarienFuerteventuraRhodosItalienZypernKaribikDom. Rep.BarbadosPunta CanaKubaHolguinJamaikaBahamasAsienTürkeiMaledivenThailandChinaAlanyaVAEBangkokMacauSideAbu DhabiKoh SamuiMalaysiaAntalyaDubaiPhuketIndienBelekIndonesienVietnamKemerBaliSingapurNordamerikaUSAMexikoNew York CityKanadaHawaiiVancouverLas VegasMontrealFloridaKalifornienAfrikaÄgyptenKeniaTunesienKap VerdeMarokkoSüdafrikaSeychellenMauritiusSüdamerikaBrasilienRio de JaneiroEcuadorThemenPauschalreisenCluburlaubUrlaubsschnäppchenInspirationenLast MinuteWellnessurlaubCity-SchnäppchenAktivurlaubFrühbucherSkiurlaubSommerurlaubThemenlisteFamilienurlaubReise-AngeboteLuxusreisenService-LeistungenHotel only ReisenTop HotelsTraumzieleCampingStädtereisenFernreisenPremium UrlaubReiseveranstalterInspirierende Angebote per NewsletterErhalten Sie Sonderangebote, Urlaubsinspiration und aktuelle Tipps.abonnierenThomas Cook im Social WebWir sorgen für Urlaubs-Feeling, auch auf Facebook, Twitter, Instagram, Youtube und in unserem Reiseblog.Zurück nach oben Ihre Vorteile: Qualitätsgeprüfte Veranstalter Preisvergleich & Empfehlungen Maximale Sicherheit Verlässliche Bewertungen Kompetenter ServiceImpressumDatenschutzWir helfen Ihnen gerne weiter täglich von 8:00 bis 22:00 Uhr 0234 - 96 103 649 Es gelten die Verbindungskosten Ihres Telefonanbieters.Ihr Browser ist leider nicht auf dem neuesten Stand.Auf unserer Webseite können Sie natürlich noch immer Ihren Traumurlaub finden und buchen, allerdings kann es vorkommen, dass einzelne Inhalte nicht richtig dargestellt werden.Damit Sie alle Funktionen nutzen können, empfehlen wir Ihnen die neueste Version Ihres Browsers zu verwenden.verstandenThomas CookKarriereTC BelgienTC FrankreichTC GroßbritannienTC NiederlandeUnsere Partneraldiana.deBucher ReisenNeckermann ReisenNeckermann UrlaubsweltÖGER TOURSTOUR VITALurlaub.deHotels & ResortsAldianaCasa Cook HotelsSENTIDO Hotels & Resortssmartline HotelsSunConnect ResortsSunprime HotelsSunwing Family ResortsUnsere HotelsKontakt & ServiceBeratungFAQFeedbackKontaktLogin VorteileNewsletterReisebürosucheTravelguide360-Grad-VideosInformationenDatenschutzFlughafenstationenImpressumNachhaltigkeitOnline StreitbeilegungPresseReisehinweiseService-LeistungenVeranstalter AGBVermittler AGBZahlungsartZusatzangeboteAffiliate ProgrammAusflügeCondor AirshoppenFlexOptionFlughafentransferMietwagenParken am FlughafenRatenzahlungReisegutschein verschenkenReiseversicherungWerbung Dezember 2017MoDiMiDoFrSaSo 12345678910111213141516171819202122232425262728293031 X Alternativ zur Online-Buchung können Sie Ihre Reise auch in einem unserer Reisebüros vor Ort oder telefonisch buchen. Notieren Sie sich dazu Ihren persönlichen Merkzettel-Code oder drucken Sie ihn aus. Mit Hilfe dieses Codes können sich unsere Reise-Experten alle Angebote ansehen, die Sie Ihrem Merkzettel hinzugefügt haben. "
169,top-wellness.ch," Die besten Wellness Hotels für Wellnessferien – top-wellness.ch Über Top-Wellness Kontakt Hotel Login Schweiz Aargau Appenzell Basel Stadt Bern Genève Glarus Graubünden Luzern Nidwalden Obwalden Schwyz Solothurn St.Gallen Tessin Thurgau Waadt Wallis Valais Zug Zürich Alles von Schweiz Österreich Burgenland Kärnten Niederösterreich Oberösterreich Salzburg Steiermark Tirol Vorarlberg Wien Alles von Österreich Deutschland Baden Württemberg Bayern Berlin Brandenburg Bremen Hamburg Hessen Mecklenburg-Vorpommern Niedersachsen Nordrhein-Westfalen Rheinland-Pfalz Saarland Sachsen Sachsen-Anhalt Schleswig-Holstein Thüringen Alles von Deutschland Südtirol Wellness-Arrangements Schweiz Österreich Deutschland Südtirol Alles von Wellness-Arrangements Last-Minute Schweiz Österreich Deutschland Südtirol Alles von Last-Minute News Schweiz Österreich Deutschland Südtirol Alles von News Schweiz Aargau Appenzell Basel Stadt Bern Genève Glarus Graubünden Luzern Nidwalden Obwalden Schwyz Solothurn St.Gallen Tessin Thurgau Waadt Wallis Valais Zug Zürich Alles von Schweiz Österreich Burgenland Kärnten Niederösterreich Oberösterreich Salzburg Steiermark Tirol Vorarlberg Wien Alles von Österreich Deutschland Baden Württemberg Bayern Berlin Brandenburg Bremen Hamburg Hessen Mecklenburg-Vorpommern Niedersachsen Nordrhein-Westfalen Rheinland-Pfalz Saarland Sachsen Sachsen-Anhalt Schleswig-Holstein Thüringen Alles von Deutschland Südtirol Wellness-Arrangements Schweiz Österreich Deutschland Südtirol Alles von Wellness-Arrangements Last-Minute Schweiz Österreich Deutschland Südtirol Alles von Last-Minute News Schweiz Österreich Deutschland Südtirol Alles von News Über Top-Wellness Kontakt Finden Sie Ihr Wunschhotel Wellness Hotel der Extraklasse Gesundheit und Schönheit (als umfassendes Konzept körperlichen Wohlbefindens gegenüber der „Fitness“ als reiner körperlicher Leistungsfähigkeit) Finden Sie Ihr Wunschhotel Previous Fritsch am Berg Hoteldetails ansehen Tannhof Hoteldetails ansehen Schlosshotel FISS Hoteldetails ansehen DolceVitaHotels Hoteldetails ansehen Das König Ludwig Wellness & Spa Resort Allgäu Hoteldetails ansehen Hotel Post Ischgl Hoteldetails ansehen Reppert Hoteldetails ansehen Bercher Hoteldetails ansehen Posthotel Achenkirch Hoteldetails ansehen Alpine Spa Resorts Hoteldetails ansehen Deltapark Resort Hoteldetails ansehen Hotel Post Hoteldetails ansehen ABINEA Dolomiti Romantic SPA Hotel Hoteldetails ansehen Sonne Lifestyleresort Bregenzerwald Hoteldetails ansehen Haller´s Genuss & SPA Hotel Hoteldetails ansehen Zum Ochsen Hoteldetails ansehen La Ginabelle Hoteldetails ansehen St. Hubertus Grossdorf Hoteldetails ansehen Alpin Hotel Masl Hoteldetails ansehen Alpin Panorama Hotel Hubertus Hoteldetails ansehen Next Hotelsuche Finden Sie Ihr Wellnesshotel Suchbegriff Land Land Schweiz Deutschland Österreich Italien Land Sterne Sterne *** ***s **** ****s ***** *****s Sterne Dayspa Kinderbetreuung Golf Detailsuche 6202722Map DataMap data ©2017 GeoBasis-DE/BKG (©2009), Google, Inst. Geogr. NacionalMap DataMap data ©2017 GeoBasis-DE/BKG (©2009), Google, Inst. Geogr. NacionalTerms of Use Hotels Hotels Mein Hotel Alpin Hotel Masl Moderner Urlaubsluxus und althergebrachte Strukturen verschmelzen in unserem familiengeführten Wellnesshotel am Eingang zum Pustertal. Unterlände 21 Mühlbach Südtirol, Italien Zur infoseite Mein Hotel Das Naturhotel Chesa Valisa Ein kraftvoller Ort im Kleinwaslertal Gerbeweg 18 Hirschegg / Kleinwalsertal Vorarlberg, Österreich Kinderfreundlich Zur infoseite Mein Hotel BURG VITAL Resort Ihr Wohlbefinden ist unser oberstes Ziel Oberlech 568 Lech/Arlberg Vorarlberg, Österreich Youtube Video verfügbar Kinderfreundlich Zur infoseite Mein Hotel Vier Jahreszeiten First Class Hotel Das 4 Sterne Superior Hotel Vier Jahreszeiten im Herzen des Vinschgau, in Schlanders, bietet den richtigen Rahmen für Urlaubssuchende mit Sinn für... Schlanders bei Meran Südtirol, Italien Zur infoseite Mein Hotel der Waldhof Der erweiterte Waldhof in Völlan, oberhalb von Meran gelegen, präsentiert sich als ein kleines Hideaway in herrlicher Naturlage. Völlan - Lana bei Meran Südtirol, Italien Youtube Video verfügbar Zur infoseite Mein Hotel STOCK Resort Das einzigartige STOCK-Feeling verzaubert seine Gäste an 365 Tagen im Jahr. Charme & Tradition und garantiert Erholung für Körper & Geist Dorf 142 Finkenberg im Zillertal Tirol, Österreich Youtube Video verfügbar Kinderfreundlich Zur infoseite Mein Hotel Bercher 4 Sterne-Wellnesshotel Bercher in Waldshut-Tiengen zählt zu den führenden Hotels im Südschwarzwald und am Hochrhein, direkt an der Schweizer Grenze. Bahnhofstrasse 1 Waldshut-Tiengen Baden Württemberg, Deutschland Zur infoseite Mein Hotel Hotel Watles Wir machen Ihre Tage in unserem vielseitigen Familienhotel in Südtirol zur schönsten Zeit des Jahres. Prämajur 49 Mals Südtirol, Italien Zur infoseite Mein Hotel Das Central - Alpine . Luxury . Life An einem Ort, wo die Berge zum Greifen nah sind und der Alltag in Vergessenheit gerät, befindet sich ein luxuriöses 5-Sterne-Hideaway, welches über... Sölden Tirol, Österreich Youtube Video verfügbar Kinderfreundlich Umfangreiches Beautyangebot Zur infoseite Mein Hotel Deluxe Hotel & Spa Resort Alpenpalace Eleganz trifft Entspannung deluxe & Gourmetkulinarik Charaktervoll, naturverbunden, idyllisch – unser 5-Sterne-Hotel im Ahrntal in Südtirol zeigt... Gisse 32 St. Johann - Ahrntal Südtirol, Italien Youtube Video verfügbar Zur infoseite Mein Hotel St. Hubertus Grossdorf Ruhe, Entspannung, Natur, gesundem Essen und Wellness im Bregenzerwald. Hotel St. Hubertus in Grossdorf-Egg, Vorarlberger Bregenzerwald Hofstatt 240 Egg Vorarlberg, Österreich Zur infoseite Mein Hotel ElisabethHotel Premium Private Retreat Im ElisabethHotel wird seit jeher die hohe Kunst der Gastlichkeit zelebriert. Diesem Anspruch fühlen wir uns verpflichtet. Einfahrt Mitte 432 Mayrhofen Tirol, Österreich Youtube Video verfügbar Zur infoseite Mein Hotel Krone Schnetzenhausen In einem Ortsteil der Zeppelinstadt Friedrichshafen am Bodensee liegt ein kleines Juwel: das Ringhotel Krone in Schnetzenhausen. Untere Mühlbachstr. 1 Friedrichshafen Baden Württemberg, Deutschland Zur infoseite Mein Hotel Hotel Post Entspannter Aktivurlaub mit Genussgarantie... Steeg/Lechtal Tirol, Österreich Kinderfreundlich Zur infoseite Mein Hotel Alpenrose - Beauty · Wellness · Familien · Resort Wellness- & Family Ressort Alpenrose im Naturparadies Tiroler Lechtal finden Sie Erholung und Entspannung und tanken neue Kraft für den Alltag. Elbigenalp Tirol, Österreich Youtube Video verfügbar Kinderfreundlich Zur infoseite Mein Hotel Bergland Hotel Sölden Das ****S Hotel Bergland in Sölden zählt zum international handverlesenen Kreis der Designhotels. Dorfstrasse 114 Sölden Tirol, Österreich Umfangreiches Beautyangebot Zur infoseite Mein Hotel Traube Revital Willkommen in einem Hotel voller Herzlichkeit, Entspannung & familiärer Atmosphäre Untere Hauptstraße 43 Wurmlingen Baden Württemberg, Deutschland Zur infoseite Mein Hotel Parkhotel Burgmühle Lassen Sie den Alltagsstress hinter sich und gönnen Sie sich eine wohlverdiente Auszeit mit Alpen-Komfort in unserem Hotel in Fischen im Allgäu. Auf der Insel 2-4 Fischen/Allgäu Bayern, Deutschland Zur infoseite Mein Hotel Romantik Hotel Weisses Kreuz Tauchen Sie ein in ein romantisches Ambiente im Vinschgau. Genießen Sie unvergessliche Momente und vergessen Sie Sorgen und Alltagsstress. Hauptplatz 82 Burgeis/Mals Südtirol, Italien Zur infoseite Mein Hotel Alpiana Resort Willkommen im neuen Luxus: Hier wird Zeit zur Nebensache. Denn alles ist Leichtigkeit, ist Fließen, ist Jetzt. Propst Wieser Weg 30 Lana / Völlan bei Meran Südtirol, Italien Zur infoseite Mein Hotel Alpin Panorama Hotel Hubertus Lassen Sie sich nach allen Regeln der Kunst verwöhnen und gönnen Sie sich südtiroler Ferienfeeling der Sonderklasse. Furkelstraße 5 Olang - Geiselsberg/Südtirol Südtirol, Italien Youtube Video verfügbar Zur infoseite Mein Hotel Tirler Dolomites Living Hotel ""Urlaub am Gesundbrunnen: -Natur pur-!"" Saltria 59 Seiser Alm Südtirol, Italien Zur infoseite Mein Hotel Der Lärchenhof Nur 17 Kilometer von Kitzbühel entfernt verspricht das 5-Sterne-Wellness- und Ferienhotel DER LÄRCHENHOF Komfort und Luxus in allen Bereichen. Lärchenweg 11 Erpfendorf Tirol, Österreich Kinderfreundlich Zur infoseite Mein Hotel Liebes Rot-Flüh Wellnesshotel & Wellnessurlaub im Tannheimer Tal in Tirol. Märchenhaft zeigt sich unser Wellnesshotel. Eine Landschaft der Sinnlichkeit. Seestraße 26 Grän / Haldensee Tirol, Österreich Youtube Video verfügbar Kinderfreundlich Zur infoseite Mein Hotel Das König Ludwig Wellness & Spa Resort Allgäu Das König Ludwig Wellness & Spa Resort thront als Hotel in Schwangau bei Füssen, dem Dorf der Königsschlösser Neuschwanstein und Hohenschwangau. Kreuzweg 15 Schwangau/Neuschwanstein Bayern, Deutschland Zur infoseite Alle Wellness Hotels in der Schweiz, Österreich, Deutschland oder Südtirol. Wellness Arrangements Familienspecial 1 Kind gratis 06.01.2018 - 04.02.2018 pro Person ab 728 € Zur infoseite Winterzauber zwischen Dolomiten & Alpen 07.01.2018 - 11.02.2018 pro Person ab 639 € 18.02.2018 - 11.03.2018 pro Person ab 1106 € Zur infoseite Wellness-Auszeit (Anreise Donnerstag) 07.01.2018 - 22.04.2018 pro Person ab 393 € 22.04.2018 - 02.12.2018 pro Person ab 411 € Zur infoseite Ayurveda-Schnupper-Tage 15.11.2017 - 08.04.2018 pro Person ab 193 € Zur infoseite Weiße Wochen im Februar I 03.02.2018 - 10.02.2018 ab 1521 € Zur infoseite Die kleine 5- Tage-Relaxwoche 01.06.2017 - 21.12.2017 ab 635 EUR Zur infoseite Summer Week 2018 16.06.2018 - 28.07.2018 pro Person ab 868 € Zur infoseite Zeit zu Zweit 01.01.2017 - 31.12.2017 für zwei Person ab 240 € Zur infoseite Wellness Spezial 01.01.2017 - 31.12.2017 ab pro Person 474 € Zur infoseite Zeit zu zweit 01.01.2017 - 31.12.2017 für zwei Personen 152 € Zur infoseite Reine Frauensache - reine Männersache 06.07.2017 - 22.12.2017 ab 598 € Zur infoseite Bergromantik im Herbst 22.10.2017 - 23.12.2017 ab pro Person ab 379 € Zur infoseite Oasis Sun SPA 23.10.2017 - 28.03.2018 pro Person ab 379 € Zur infoseite Sternschnuppen-Spezial 2017 01.06.2017 - 21.12.2017 ab 849 € Zur infoseite Wellness Kurzgenuss 15.12.2017 - 20.03.2018 ab pro Person 599 € Zur infoseite Frühlingserwachen 02.04.2018 - 06.05.2018 Preis pro Person 687 € 02.04.2018 - 06.05.2018 Preis pro Person 927 € Zur infoseite Verwöhntage abseits der Piste 08.12.2017 - 20.12.2017 ab 1.027 € 07.04.2018 - 22.04.2018 ab 989 € Zur infoseite Beauty für Zwei 07.01.2018 - 04.11.2018 Preis für 2 Personen ab 1075 € Zur infoseite Zeit zu Zweit Preis für zwei Personen 1 EUR Zur infoseite Frühlings - Eröffnungswochen 22.03.2018 - 29.03.2018 pro Person ab 854 € 07.04.2018 - 14.04.2018 pro Person ab 854 € Zur infoseite Alle Wellness Angebote (122) News Aktuelle News Alle News anzeigen Hotel finder Hotel list News Wellness Arrangements Newsletter-Anmeldung Wellness Hotel in der Schweiz Wellness Hotel in Österreich Wellness Hotel Deutschland Wellness Hotel in Italien Wellness-Arrangements Schweiz Wellness-Arrangements Österreich Wellness-Arrangements Deutschland Wellness-Arrangements Südtirol Last Minute Wellnessangebote Schweiz Last Minute Wellnessangebote Österreich Last Minute Wellnessangebote Deutschland Last Minute Wellnessangebote Südtirol Aktuelle Wellness-News in der Schweiz Aktuelle Wellness-News in Österreich Aktuelle Wellness-News in Deutschland Aktuelle Wellness-News in Südtirol Impressum AGB Kontakt Newsletter-Anmeldung Melden Sie sich für die Newsletter an Gender Herr Frau Nachname E-Mail Adresse 2017 | Programmiert von Intention Digital BESbswyMap data ©2017 GeoBasis-DE/BKG (©2009), Google, Inst. Geogr. Nacional"
170,toplac.de," TOPLAC eShop Wir nutzen Cookies zur optimalen Bereitstellung unserer Webseite. Wenn Sie fortfahren, erklären Sie sich hiermit einverstanden. Ja Mehr erfahren Um TOPLAC eShop in vollem Umfang nutzen zu können, empfehlen wir Ihnen Javascript in Ihrem Browser zu aktiveren. € EUR $ USD € EUR Mein Konto Service/Hilfe Kontakt Impressum AGB Menü SERVICEHOTLINE +49 35 204 - 670 0 Suchen Suchen Menü schließen € EUR $ USD € EUR Kategorien Lackierbedarf Spot-Repair Industrielack Boot&Caravan Fahrzeugpflege Spraydosen Blog Informationen Kontakt Impressum AGB LACKIERBEDARF INDUSTRIELACK SPOT-REPAIR FAHRZEUGPFLEGE BOOT & CARAVAN SPRAYDOSEN Der TOPLAC Lack Shop - Professionelle Lösungen „rund um den Lack“ TOPLAC ist Ihr kompetenter Partner zu allen Themen „rund um den Lack“. Als Großhändler für Lack und Lackierzubehör können wir auf über 25 Jahre Erfahrung rund um das Lackierhandwerk zurückgreifen und stehen Ihnen mit unserem umfangreichen Fachwissen gerne zur Seite.Damit ist TOPLAC jederzeit der perfekte Ansprechpartner für alle Fragen zum Thema Lack und Lackzubehör in Industrie und Handwerk.In unserem Lack Shop finden Sie eine große Auswahl an Fahrzeug- und Industrielacken. Unser Sortiment umfasst umfangreiches Lackierzubehör – vom Farbmischbecher über Profi-Werkstattausrüstung bis zum Arbeitsschutz. Wir bieten Ihnen Lacke namhafter Hersteller, wie z.B. Glasurit Autolacke und Akzo Nobel Industrielacke der Marke Salcomix. Mithilfe der tagesaktuellen Mischformeldatenbank sind wir in der Lage aus mehr als 200.000 Mischformeln Originalfarbtöne aller Automobilhersteller individuell für Sie auszumischen. Dabei können Sie den Lack als Farbspray oder zur Verarbeitung mit der Lackierpistole bestellen. Außerdem können Sie eine Vielzahl von Farbtönen aus dem RAL-, RAL-Design und NCS-Farbsystem ausmischen. Industrielacke erhalten Sie bei TOPLAC auch in Kleinstmengen ab einem Kilogramm. Unser riesiges Sortiment umfasst auch Produkte aus den Bereichen Fahrzeugpflege und Bootspflege. Außerdem bieten wir Ihnen innovative und professionelle Lösungen für den Bereich Spot Repair und Smart Repair. Neben den Produktsystemen erhalten Sie eine individuelle Beratung, eine umfassende Schulung sowie die laufende Anwenderunterstützung. Abgerundet wird unser umfangreiches Sortiment durch Profi-Werkzeuge der Firma Festool.Als Exklusiv-Partner der Auto Wax Company aus Dallas/USA vertreibt TOPLAC seit 1996 das komplette Sortiment der Auto Body Magic Produktserie für professionelle Fahrzeugaufbereitung und Fahrzeugpflege. In unserem über 1.000 m² großen Lager haben wir stets ca. 8.000 Artikel für den Lackierbedarf ständig für Sie vorrätig. Durch eine Kombination aus moderner Lagerlogistik und der Zusammenarbeit mit starken Partnern können wir bei vielen Produkten eine Lieferung innerhalb von 1-2 Werktagen gewährleisten. Bestellen Sie rund um die Uhr aus unserem großen Sortiment die gewünschten Produkte - einfach und bequem im TOPLAC eShop. Wählen Sie aus verschiedenen sicheren Zahlungsmethoden und Sie erhalten Ihre Lieferung in kürzester Zeit mit unseren Logistikpartner, DHL und DPD zugesendet.Sie benötigen Beratung zu unseren Leistungen oder Produkten, haben Fragen oder Anregungen? Das TOPLAC-Team steht Ihnen jederzeit mit Erfahrung und Experten-Wissen zur Verfügung. Zögern Sie nicht, uns zu kontaktieren! Service Hotline Telefonische Unterstützung & Beratung unter:+49 35204- 670 0Mo - Do, 07:00 - 17:00 UhrFreitag, 07:00 - 14:00 UhrE-Mail: info@toplac.de Über uns Blog Anfahrt Impressum Kontakt Unternehmen Informationen Sata Produktwelt Downloadcenter Impressum Zahlungsmöglichkeiten Versand Retoure Unternehmen Herstellerübersicht Widerrufsrecht Datenschutz AGB Hinweis zur alternativen Streitbeilegung Newsletter Abonnieren Sie unseren kostenlosen Newsletter. Jetzt anmelden * Alle Preise inkl. gesetzl. Mehrwertsteuer zzgl. Versandkosten und ggf. Nachnahmegebühren, wenn nicht anders beschrieben Kontakt Impressum AGB Newsletter Keine Aktionen, Angebote & Informationen mehr verpassen! Jetzt anmelden 5,95 € (inkl. MwSt.) ? Gutschein Gutschein bei Anmeldung (ab Bestellwert 59,50 EUR inkl. MwSt.) x "
171,toskanaferien.de," Home - Toskanaferien HomeUrlaubsort Lari Dolce Vita Tag LariAlle FerienhäuserZu unsMedienbeiträge Blog Kontakt HomeUrlaubsort Lari Dolce Vita Tag LariAlle FerienhäuserZu unsMedienbeiträge Blog Kontakt DIE FERIENHÄUSER IN DER TOSKANA All Agriturismo B&B Fe-wo´s & Ferienhäuser Villen & große Bauernhäuser Fewo´s Meer & Campingplätze Hotels Agriturismo Casanova Agriturismo Casciana Agriturismo Cevoli Agriturismo Valliferrone Al Nidino - das Nestchen Alla Stallina Apartment ""Casa Bellavista"" Apartment ""Casa del Fattore"" Apartment ""Il Coppaio"" Apartment ""La Soffitta"" Apartment ""La Tabaccaia"" Biobauernhof B & B Campingplatz Toskana am Meer Casa Bella Casa Emilio Casa Padronale Casa Raffaella Casa vista sul mare Casa vista sul mare grande Cava Luna / Casa di Ilse Fattoria Fibbiano Ferienwohnung Marina di Bibbona Hotel in der Toskana Il Borgo Il Fienile Il Frutteto Il Podere Il Querceto fiorito La Canonica La Casina La Villettina Le Ville Podere San Ruffino Resort San Ruffino bei Lari San Martino Toskanaferien auf dem Weingut Villa Bianca Villa Borri Villa Cecilia Villa Letizia Villa Rosa Villetta Marina Villetta Serena Weingut & Bauernhof Chianni Weingut Toskana B & B Hier finden Sie im Angebot ca. 50 Ferienwohnungen in der Toskana Kontakt Dolce Vita Tag Lari Ein ganz besonderer Tag auf dem Lande in der Toskana, nett, persönlich, interessant, mit Pasta Martelli, Salami, Schinken, Eis, Wein und Olivenöl... Weiterlesen → Freizeit Um Ihren Urlaub so schön wie möglich zu gestalten bekommen Sie viele Tipps von mir. Diese finden Sie ganz ausführlich in den über 40 ... Weiterlesen → Toskana mit Kindern Genießen Sie Ihren Toskanaurlaub mit Kindern, Ihre Ferien in der Toskana mit ihren Kindern, lassen Sie sie aber auch gern mal von uns liebevoll betreuen ... Weiterlesen → DAS DORF LARI... EINFACH ZUM VERLIEBEN! Lari ist ein wunderschönes mittelalterliches kleines Dorf mit circa 1250 Einwohnern, 130 Meter über dem Meeresspiegel inmitten grüner Hügel gelegen, im Herzen der Toscana in idealer Ausgangslage: 30 km südöstlich von Pisa, 30 km vom Meer, 65 km bis Florenz, 40 km bis Lucca, 75 km bis Siena, 5 km bis nach Casciana Terme und zur Schnellstraße und somit auch zu den Flughäfen Pisa und Florenz, also ganz zentral. Die Schönheit Lari`s spricht sich zwar langsam herum aber man kann von Lari durchaus als Geheimtipp sprechen.... Lesen Sie alles darüber Schönste Toskanaferien Ausgesucht, persönlich, nett, mit Kristina als Ansprechpartnerin vor Ort: 50 Ferienwohnungen in der Toskana, Ferienhäuser, schöne Apartments, attraktive Villen, Zimmer mit Frühstück in der Toskana, Gruppenhäuser und Hotels, Lage: größtenteils nur 30 km vom Meer entfernt, rund um das hübsche mittelalterliche Dörfchen Lari, ein Geheimtipp Kulinarischer Dolce-vita - Tag immer dienstags; Besichtigung der kleinsten und besten Nudelfabrik Italiens, Eis/ Salami/Schinken/Pasta/Olivenöl- und weinprobe in der Toskana, Im Sommer Pizzaabend auf dem Weingut Und mehr: Inklusive Reiseführer mit allen Tipps zur Gegend; liebevolle Kinderbetreuung, Sprachkurs, Reiten, ein halber Tag mit Eseln im Wald, Jeeptour in Carrara mit Lardoessen, Weinernte, Toskana, Olivenernte & Ölmühlenbesichtigung, Stadtführungen Pisa, Florenz, Lucca, Siena, Immobilien Beste Urlaubsvorbereitung: DAS TOSKANABUCH & der TOSKANABLOG Buchen Sie Ihren Urlaub in der wunderschönen Toskana KONTAKTIEREN SIE UNS DAS TOSKANA - BUCH! Liebe Gäste, liebe Freunde,seit Juli 2012 gibt es nun endlich mein Buch in der Printausgabe. Es ist im Engelsdorfer Verlag erschienen und ist natürlich auch über Amazon erhältlich. Da davon der Autor natürlich nicht viel hat, freue ich mich, wenn Ihr es direkt bei mir bestellt.Das ebook ist ebenso fertig.Beide können, wie gesagt, bei mir bestellt werden. Dafür bitte ein email mit dem Betreff ""Buchbestellung"" an info@toskanaferien.de senden und vermerken ob die Prinausgabe oder das ebook gewünscht wird. Für die Zusendung der Printausgabe bitte Lieferadresse dazu schreiben.Preis jeweils 16,99 Euro, die Printausgabe zuzüglich 1,-- Euro Versandkosten von Deutschland nach Deutschland, von Deutschland nach Österreich/ Schweiz zuzüglich 3,-- Euro Versand. weiterlesen Kontaktstunden Per Anruf 9.00-13.00 & 17.00-20.00 Uhr0039.3284844702 Nützliche Links Toskanaferien.net - Tipps Bella Toscana - Hochzeiten La Bella Toscana - Gruppenreisen Toskana Erfahrungen - Blog Arte Toscana- Malerei Immobilien Toskana Kontakt Kristina Schmidt Via Verdi 15 I – 56035 Casciana Terme (Pisa) PIVA/ Steuernummer: 02036770507 CF/ Id-Nr:/ Steuernummer: SCHTSK66A52Z112F mobil 0039 328/4844702 Kontakt Translate Javascript is required to use GTranslate multilingual website and translation delivery network Select LanguageEnglishAfrikaansAlbanianAmharicArabicArmenianAzerbaijaniBasqueBelarusianBengaliBosnianBulgarianCatalanCebuanoChichewaChinese (Simplified)Chinese (Traditional)CorsicanCroatianCzechDanishDutchEsperantoEstonianFilipinoFinnishFrenchFrisianGalicianGeorgianGreekGujaratiHaitian CreoleHausaHawaiianHebrewHindiHmongHungarianIcelandicIgboIndonesianIrishItalianJapaneseJavaneseKannadaKazakhKhmerKoreanKurdish (Kurmanji)KyrgyzLaoLatinLatvianLithuanianLuxembourgishMacedonianMalagasyMalayMalayalamMalteseMaoriMarathiMongolianMyanmar (Burmese)NepaliNorwegianPashtoPersianPolishPortuguesePunjabiRomanianRussianSamoanScots GaelicSerbianSesothoShonaSindhiSinhalaSlovakSlovenianSomaliSpanishSundaneseSwahiliSwedishTajikTamilTeluguThaiTurkishUkrainianUrduUzbekVietnameseWelshXhosaYiddishYorubaZuluPowered by Translate Select LanguageGermanBasqueBelarusianCatalanChinese (Simplified)Chinese (Traditional)CzechDanishDutchEnglishFrenchHungarianItalianNorwegianPolishRussianSlovakSpanishUkrainianYiddish Website Durchsuchen Copyright © 2017 Toskanaferien. All Rights Reserved. I Home II Strukturen II Sitemap I I Kontakt I Goto Top Original textContribute a better translation"
172,touristik.at," OÖ Touristik: Urlaubsangebote aus Oberösterreich | OÖ Touristik Diese Website verwendet Cookies um Ihren Besuch einfacher und komfortabler zu machen. Wenn Sie diese Website weiterhin nutzen, stimmen Sie der Verwendung von Cookies zu. Verstanden Reisebedingungen | Auszeichnungen | Presse | News | Links & Partner Viele weitere Radreisenangebote www.radurlaub.com WellnessRegionenMühlviertelSalzkammergutDonauPyhrn-PrielThermenGeinbergBad SchallerbachSpecialsGut & GünstigFamilieZeit zu zweitBerge & SeenWinterSkigebieteDachstein WestHinterstoder & WurzeralmFeuerkogelHochfichtKrippensteinThemenFamilieKurzreiseSchnäppchenSpecialsSki & MehrSki & ThermeLandhotel AgathawirtVitalhotel GosauSelbstversorger-UnterkünfteSommerRegionenDachstein-SalzkammergutAlmtal-SalzkammergutPyhrn-PrielMühlviertel | InnviertelSeenWolfgangseeTraunseeAtterseeMondsee | FuschlseeThemenFamilienurlaubChaletsWandernRadfahrenradurlaub.comRadwandernRad & SchiffMountainbikeEventsKultur & SportMusiktheater LinzBrucknerhaus LinzTips Arena LinzRuder-Weltcup 2018MTB Trophy 2018Seer Open-Air 2018Ruder-Championships 2019B2BDachkongressUnternehmerinnenkongress35. AGA KongressZahnärztekongressHotel buchenReferenzenGruppenGruppenreisenWikingerschifffahrtBierreise&GenussGesellig&AktivLinz&KulturBratlessenOÖ LandesausstellungDer LoryhofPoltern & JunggesellenabschiedKleingruppenHotelsUnsere PartnerKatalog bestellenServiceServiceNewsletterGutscheineTeamKatalog bestellen Sie befinden sich hier Home Home Weihnachten 2017 Adventkalender 24 Türchen mit Aktionen, Überraschungen und Spielen >> Los gehts! 12 Frohe Weihnachten und einen guten Rutsch ins neue Jahr! Das OÖ Touristik Team wünscht Ihnen fröhliche Weihnachten und einen guten Start ins neue Jahr! Wir sind auch zwischen den Feiertagen für Sie da und buchen Ihnen gerne Ihren Urlaub für das Jahr 2018! Unsere TOP-Angebote inkl. Therme Wellness im Salzkammergut Hotel Moserwirt*** | Bad Goisern 4 Nächte mit Halbpension, inklusive 2 Halbtageseintritte in die Narzissentherme, Kinder bis 5 Jahre gratis ab € 179,00 pro Person/Aufenthalt Details zum Angebot ... Musiktheater Linz Musical - Hairspray 1 Nacht im 4-Sterne-Hotel Schillerpark, Sitzplatzkarte Kategorie 2, Frühstück, Aperitif im Hotel ab € 109,00 pro Person/Aufenthalt Details zum Angebot ... Skiregion Dachstein West Landhotel Agathawirt*** 2017/2018 | Bad Goisern 4=3 Nächte, Skipass inklusive, Gratis Skibus nach Gosau, Halbpension, tolle Kinderermäßigung ab € 259,00 pro Person/Aufenthalt Details zum Angebot ... NEU Hinterstoder und Wurzeralm Explorer Hotel 2017/2018 | Hinterstoder 2 Nächte, Frühstück, 2-Tages-Skipass inklusive, Wellnessbereich, direkt an der Talstation ab € 149,00 pro Person/Aufenthalt Details zum Angebot ... ab 1. Dezember Adventkalender Weihnachten 2017 24 Türchen mit Aktionen, Überraschungen und Spiele versüßen Ihre Weihnachtszeit. Musiktheater Linz Spielplan 2017/2018 Musicals, Opern & Operette: Hairspray, Kinderoper Hänsel und Gretel, Eine Nacht in Venedig, Romeo+Julia, Rigoletto, Eugen Onegin, uvm. Winterurlaub 2017/2018 Winterhotels inkl. Skipass Skiregion Dachstein West, Skigebiet Hinterstoder-Wurzeralm, Feuerkogel, Hochficht und Freesports Arena Dachstein Krippenstein. Wellnessurlaub in Oberösterreich Genießen Sie Ihren Urlaub in den Wellness- oder Thermenhotels in Oberösterreich. Familienhotels 2017 Sommer in Oberösterreich Sommerurlaub mit tollen Familienangeboten in jeder Preisklassen und hohen Kinderermäßigungen. Radfahren 2018 radurlaub.com Radurlaub in ganz Europa - Donauradweg, Salzkammergut, Moldau, Bodensee, Altmühltal, ... Mountainbiketouren 2018 alpenbiken.at Eindrucksvolle Mountainbikestrecken und atemberaubende Trails in Österreich. gruppentouren.at 2018 Vereins- & Betriebsausflüge Wir organisieren Ihren Firmen- oder Vereinsausflug: Gesellig & Aktiv, Bierreise & Genuss, Städte & Kultur oder Schiffsreise. Meetings & Events Tagungen, Kultur und Sport Wir organisieren Hotelaufenthalte zu verschiedenen Veranstaltungen: Konzerte, Tagungen, Kongresse und Sportevents. Persönliche Beratung Team Touristik 0043 (0)732 / 7277 - 260 info@touristik.at Mo-Fr 9.00 - 17.30 Uhr Jetzt anfragen schließen mit Freunden teilen Auf Facebook teilen Per E-Mail weiterempfehlen Jetzt Gutschein verschenken schließen Ansprechpartner Kontakt Ihre Anfrage Anreisetag Vorname* Nachname* E-Mail* Telefon Strasse PLZ Ort Land auswählen Land auswählen Österreich Deutschland Schweiz Niederlande Belgien Italien Afghanistan Ägypten Albanien Algerien Andorra Angola Antigua und Barbuda Argentinien Armenien Aserbaidschan Äthiopien Australien Bahamas Bahrain Bangladesh Barbados Belgien Belize Benin Bhutan Bolivien Bosnien-Herzegowina Botswana Brasilien Brunei Darussalam Bulgarien Burkina Faso Burundi Chile China Costa Rica Dänemark Deutschland Dominica Dominikanische Republik DR Kongo Ecuador El Salvador Elfenbeinküste Eritrea Estland Falkland-Inseln Färöer Fidschi Finnland Frankreich Gabun Gambia Georgien Ghana Gibraltar Grenada Griechenland Großbritannien Guatemala Guernsey Guinea Guinea-Bissau Guyana Haiti Honduras Indien Indonesien Irak Iran Irland Island Isle of Man Israel Italien Jamaika Japan Jemen Jersey Jordanien Kambodscha Kamerun Kanada Kap Verde Kasachstan Katar Kenia Kirgisistan Kiribati Kolumbien Komoren Kongo Kroatien Kuba Kuwait Laos Lesotho Lettland Libanon Liberia Libyen Liechtenstein Litauen Luxemburg Madagaskar Malawi Malaysia Malediven Mali Malta Marokko Marshall-Inseln Mauretanien Mauritius Mazedonien Mexiko Moldawien Monaco Mongolei Montenegro Mosambik Myanmar Namibia Nauru Nepal Neuseeland Niederländische Antillen Niger Nigeria Nikaragua Nord-Korea Norwegen Oman Österreich Pakistan Palau Panama Papua-Neuguinea Paraguay Peru Philippinen Polen Portugal Ruanda Rumänien Russland Salomonen Sambia Samoa San Marino Santa Lucia Sao Tome und Principe Saudi-Arabien Schweden Senegal Serbien Seychellen Sierra Leone Simbabwe Singapur Slowakische Republik Slowenien Somalia Spanien Sri Lanka St. Kitts und Nevis St. Vincent/Grenadinen Sudan Südafrika Süd-Korea Suriname Swasiland Syrien Tadschikistan Tansania Thailand Timor-Leste Togo Tonga Trinidad und Tobago Tschad Tschechische Republik Türkei Tunesien Turkmenistan Tuvalu Uganda Ukraine Ungarn Uruguay Usbekistan Vanuatu Vatikanstaat Venezuela Vereinigte Arabische Emirate Vereinigte Staaten von Amerika Vietnam Weißrussland Zentralafrikanische Republik Zypern Nachricht Diese Feld nicht ausfüllen! Nach Absenden Ihrer Anfrage erhalten Sie umgehend eine automatisierte Empfangsbestätigung per Email. Sollte diese nach wenigen Minuten bei Ihnen nicht eingehen, so bitten wir um telefonische Rücksprache (0043 (0)732 / 7277 - 260). OÖ Touristik GmbH Freistädter Straße 119 | 4041 Linz | AustriaTel.: +43 732 7277-260 | E-Mail: info@touristik.at Im Jahre 1990 leistete die OÖ Touristik Pionierarbeit auf dem Sektor der organisierten Radreisen: die erste buchbare Radreise am Donauradweg inklusive Gepäcktransfer. Schon ein Jahr später wurden die ersten Gruppenreisen angeboten. Mehr als 25 Jahre später umfasst das Portfolio Winter- und Wellnessaufenthalte, Gruppen- und Wanderreisen sowie Mountainbike- und Schiffsreisen. Auch die Organisation internationaler Kongresse und Eventveranstaltungen zählen mittlerweile zu den erfolgreichen Unternehmenssparten. Sie befinden sich hier Home zum Seitenanfang Viele weitere Urlaubsangebote www.radurlaub.com WellnessMühlviertelSalzkammergutDonauPyhrn-PrielGeinbergBad SchallerbachGut & GünstigFamilieZeit zu zweitBerge & SeenWinterDachstein WestHinterstoder & WurzeralmFeuerkogelHochfichtKrippensteinFamilieKurzreiseSchnäppchenSki & MehrSki & ThermeLandhotel AgathawirtVitalhotel GosauSelbstversorger-UnterkünfteSommerDachstein-SalzkammergutAlmtal-SalzkammergutPyhrn-PrielMühlviertel | InnviertelWolfgangseeTraunseeAtterseeMondsee | FuschlseeFamilienurlaubChaletsWandernRadfahrenRadwandernRad & SchiffMountainbikeEventsMusiktheater LinzBrucknerhaus LinzTips Arena LinzRuder-Weltcup 2018MTB Trophy 2018Seer Open-Air 2018Ruder-Championships 2019DachkongressUnternehmerinnenkongress35. AGA KongressZahnärztekongressHotel buchenReferenzenGruppenWikingerschifffahrtBierreise&GenussGesellig&AktivLinz&KulturBratlessenOÖ LandesausstellungDer LoryhofPoltern & JunggesellenabschiedKleingruppenHotelsUnsere PartnerKatalog bestellenServiceNewsletterGutscheineTeamKatalog bestellen Newsletter Abo Ihre E-Mail Adresse Weiter Kataloge Gruppentouren Katalog 2018 Jetzt kostenlos bestellen! Jetzt bestellen Auszeichnungen © 2017 OÖ Touristik - Impressum/Datenschutz | Kontakt | AGB/Zahlung | Team | Unsere Gutscheine | Newsletter Reisebedingungen | Auszeichnungen | Presse | News | Links & Partner "
173,trachten-dirndl-shop.de," Trachten Dirndl Shop: Stockerpoint Trachten, Dirndl und Landhausmode | Winkler Tracht Online Your browser blocks some 3rd party cookies by default. By clicking on this page you allow our partner Criteo to place its cookies and serve personalized ads. You can read more or disable Criteo ads here. This notice only appears once. Um Winkler Tracht Online in vollem Umfang nutzen zu können, empfehlen wir Ihnen Javascript in Ihrem Browser zu aktiveren. Suchen Suchen Merkzettel Mein Konto Warenkorb 0 0,00 € * DamenHerrenKinderSchuheAccessoires Dirndl Minidirndl 50cm Mididirndl 60cm Mididirndl 70cm Mididirndl 80cm Dirndl lang Dirndl klassik Dirndlschürze Unterteile Trachtenlederhose Trachtenjeanshose Trachtenhose Trachtenrock Oberteile Dirndlbluse Trachtenshirt Trachten T-Shirt Trachtenbluse Trachtenstrickjacke Trachtenmieder Schuhe Trachtenschuhe Trachtenstiefel Strümpfe Unterwäsche Trachtenunterwäsche Accessoires Trachtentasche Trachtengürtel Trachtenhut Lederhosen & Hosen Trachtenlederhose kurz Trachtenlederhose Kniebund Trachtenlederhose lang Hirschlederhose Trachtenjeans Jacken & Westen Trachtenjacke Trachtenweste Trachtenstrickjacke Trachtenstrickweste Hemden & Shirts Trachtenhemd karo Trachtenhemd 1/1 Trachtenhemd 1/2 Trachtenshirt Schuhe Trachtenschuhe Trachtenstrümpfe Accessoires Trachtencharivari Trachtenhut Trachtengürtel Kinderdirndl Kinderhemd | Shirt Kinderjacke | Weste Kinderlederhose Kindertrachtenschuhe Damen Herren Haferl Trachtentasche Trachtengürtel Trachtencharivari Trachtenhut  Menü schließen Kategorien Damen Dirndl Minidirndl 50cm Mididirndl 60cm Mididirndl 70cm Mididirndl 80cm Dirndl lang Dirndl klassik Dirndlschürze Unterteile Trachtenlederhose Trachtenjeanshose Trachtenhose Trachtenrock Oberteile Dirndlbluse Trachtenshirt Trachten T-Shirt Trachtenbluse Trachtenstrickjacke Trachtenmieder Schuhe Trachtenschuhe Trachtenstiefel Strümpfe Unterwäsche Trachtenunterwäsche Accessoires Trachtentasche Trachtengürtel Trachtenhut Herren Lederhosen & Hosen Trachtenlederhose kurz Trachtenlederhose Kniebund Trachtenlederhose lang Hirschlederhose Trachtenjeans Jacken & Westen Trachtenjacke Trachtenweste Trachtenstrickjacke Trachtenstrickweste Hemden & Shirts Trachtenhemd karo Trachtenhemd 1/1 Trachtenhemd 1/2 Trachtenshirt Schuhe Trachtenschuhe Trachtenstrümpfe Accessoires Trachtencharivari Trachtenhut Trachtengürtel Kinder Kinderdirndl Kinderhemd | Shirt Kinderjacke | Weste Kinderlederhose Kindertrachtenschuhe Schuhe Damen Herren Haferl Accessoires Trachtentasche Trachtengürtel Trachtencharivari Trachtenhut 1 2 3 4 Immer gut bedient Klassische Dirndl, pflegeleicht, ausdrucksstark und kombinierbar mit vielen Schürzenfarben. Trachten Hemden Langarm, Kurzarm, uni oder in Blockkaros. Sportliche neuen Trachtenhemden. Toll zu kombinieren. Tracht in Jeans Ein tolles Thema für die, die Tragekomfort lieben und Spaß an neuen Trachten Themen haben. Trachten Janker Für Freizeit und Business. Tolle Einzelstücke die sich nicht nur zu Lederhosen kombinieren lassen. Romantik pur Die neue Landhausmode zeigt sich romantisch verspielt. Trachtenklassiker in natürlichen Farben. Trachtenwesten Ein „Must Have“ für Trachtenfans. Samt und Seidenoptiken. Ein toller Kombipartner zu Lederhosen. Fun T-Shirts Spaß an der Mode. Spaß am eigenen Stil. Trachten Fun-Shirts sind trendy und wie geschaffen dafür. Herren T-Shirt Jung, lässig und eine echte Alternative zum Trachtenhemd. Die neuen Trachtenshirts für Männer. Freizeit | Workout Super bequem, jung und echt angesagt. Short, Kniebund oder lang. Workout-Hosen im Trachten Style. Echte Hirschlederne Anspruch den man sieht und vor allem spürt. Die Hirschlederne. Einzigartig und jeden Cent wert. Strickjacken für Sie Riesen Auswahl. Motiv-Strickjanker, edle Landhaus-Strickjacken und Dirndl Strickjacken in tollen Farben. Strickjacken | Strickwesten Stilecht und ein „Muß“ zur Lederhose. Die urigen Strickjacken und Strickwesten in tollen Kombi-Farben Kernige Trachten und wunderschöne Dirndl bei Winkler Tracht & Landhausmode Ein herzliches Willkommen sagt Ihnen Winkler Tracht & Landhausmode – schön, dass Sie den Weg zu uns gefunden haben. Dafür, dass er sich gelohnt hat, garantieren die edlen Materialien, strahlenden Farben sowie attraktiven Schnitte unserer Trachtenlederhosen, Dirndl und anderen Schmuckstücke. Stockerpoint Trachtenmode von A-Z. Mit unserer Trachten- und Landhausmode sind Sie immer bestens gekleidet – auf dem nächsten Volksfest ebenso wie zu vielen anderen Anlässen. Große Auswahl an Trachten & Landhausmode von Stockerpoint Bei Landhausmode und Trachtenmode setzen wir auf das Design sowie die Vielfalt der Qualitätsmarke Original Stockerpoint. Für Ihr perfektes Outfit finden Sie bei uns immer die passende Trachtenkleidung, wie beispielsweise Kombinationen aus Trachtenlederhosen, Hemden, Westen, Jacken sowie weitere Trachtenmoden wie Schuhe, Hüte wie auch Accessoires – Sie werden begeistert sein. Als Profi für Trachtenbekleidung sowie Landhausmode bieten wir natürlich auch Damen eine sehr große Kollektion – zum Beispiel romantische Dirndl für warme Sommerabende oder auch raffinierte Minidirndl für den besonderen Auftritt. Qualität in puncto Dirndl, Trachten und Beratung Schauen Sie sich in unserem Trachtenshop in Ruhe nach Ihrem Lieblingsoutfit um und kontaktieren Sie uns. Wir bieten Ihnen gern eine umfangreiche persönliche Beratung für ein wunderschönes Outfit aus Dirndln, Trachten etc. – und eine optimale Produktqualität, die auch höchsten Ansprüchen gerecht wird. Ein Beispiel: Bei uns erhalten Sie Trachtenlederhosen aus hochwertigen Wildbockqualitäten, aber auch Trachtenlederhosen aus speziellem Wildleder, das besonders strapazierfähig und daher sehr langlebig ist. Überzeugen Sie sich selbst. Kontakt & Info Sie erreichen uns unter: +49 (0)2941 977 295-0Mo.-Fr. von 9 bis 18 Uhr service@trachten-dirndl-shop.de +49 (0)2941 977 295-21 Winkler Tracht Online An der Gärtnerei 12 59555 Lippstadt https://www.trachten-dirndl-shop.de/ Kundenservice Impressum Retoure Über uns Zahlungsarten AGB Versandkosten Datenschutz Widerrufsrecht Shopapp für Ihr Smartphone App für IPhone, IPad, Smartphones & Tablets Vertrauen & Sicherheit Zahlung & Versand Unkompliziert und schnell CO2 neutraler Versand Unser Retouren-Service * Alle Preise inkl. gesetzl. Mehrwertsteuer zzgl. Versandkosten Diese Website verwendet Cookies, um Ihnen die bestmögliche Funktionalität bieten zu können. Mehr Informationen Ok, verstanden ​ "
174,trackir.eu," headtracker deutschland,trackir,trackir5 deutschland,Bist Du Bereit Für Diesen Kick? Jetzt Trackir 5 kaufen de Sprache Sprache auswählen Deutsch English Kundenlogin Kundenlogin Konto erstellen Passwort vergessen? Merkzettel 0 Suche Alle Alle Trackir 5 Zubehör 3D Brillen SmartNAV OptiTrack Alle Trackir 5 Zubehör 3D Brillen SmartNAV OptiTrack Suche... Erweiterte Suche Ihr Warenkorb 0,00 EUR Sie haben noch keine Artikel in Ihrem Warenkorb. Trackir 5 Zubehör 3D Brillen SmartNAV OptiTrack OptiTrack anzeigen Zubehör OptiTrack anzeigen Angebote Angebote Weitere Startseite Was ist der Trackir? Mit dem TrackIR System rückt die virtuelle Freiheit ein bedeutendes Stück näher. Vorbei sind die Zeiten mühsamer Blickfeldsteuerung mit Maus & Co., dank TrackIR reichte nun schon eine kleine Kopfbewegung. Bist Du bereit für diesen KICK? Spiele PC-Games einfach mit deinem Kopf! 2connect Ltd. &Co.KG ist der exklusive Vertrieb des Trackir für Deutschland, Österreich und Schweiz Unsere Highlights TOP Trackir 5 basic Lieferzeit: ca. 1-2 Tage 162,99 EUR TOP -17% Trackir 5 Gamer Set + FREE GAME Lieferzeit: ca. 1-2 Tage Statt 234,91 EUR Nur 192,99 EUR TOP -17% Trackir 5 RoF Set Lieferzeit: ca. 1-2 Tage Statt 234,91 EUR Nur 192,99 EUR TOP Trackir 5 OMSI Set Lieferzeit: ca. 1 Woche 182,95 EUR TOP SmartNav 4:AT Lieferzeit: ca. 2 Wochen 550,00 EUR TOP SmartNav 4:EG Lieferzeit: ca. 2 Wochen 480,00 EUR TOP TrackClip:PRO Lieferzeit: ca. 1-2 Tage 45,95 EUR TOP UPGRADE Kit für Trackir 5 Basic Lieferzeit: ca. 1-2 Tage ab 63,90 EUR TOP -16% XpanD X105 3D Shutterbrille (RF) Lieferzeit: ca. 1-2 Tage Statt 59,95 EUR Nur 49,99 EUR TOP -16% XpanD X105 3D Shutterbrille (IR) Lieferzeit: ca. 1-2 Tage Statt 59,95 EUR Nur 49,99 EUR Normalerweise werden Spiele durch Eingabegeräte wie Maus, Tastatur oder Joypad gesteuert. TrackIR weicht von diesen herkömmlichen, vorwiegend über Tasteneingabe arbeitenden Interfaces völlig ab. Die Steuerung erfolgt hier durch simple leichte Kopfbewegungen... Der TrackIR ist eine bahnbrechende Technologie basierend auf einem professionellen Headtracker. Die „Kopfbewegungen“ werden in Echtzeit mit 80-120 Bildern pro Sekunde digitalisiert. In etwa viermal schneller als eine gute Webcam! Angebote Hier ist richtig SPAREN angesagt! Unsere TOP-Podukte als Angebot - nur kurze Zeit erhältlich. Auch finden Sie hier aktuelle Vorführgeräte zu einem unschlagbaren TIEFPREIS. Hier ist schnell sein angesagt. Wenn weg...dann weg! -45% XpanD YOUniversal + RF-Dongle (B104LX1) Lieferzeit: ca. 2 Wochen Statt 99,95 EUR Nur 54,99 EUR TOP -29% XPAND-X105 (DLP®-Link™) Lieferzeit: ca. 1-2 Tage Statt 85,00 EUR Nur 59,99 EUR TOP -16% XpanD X105 3D Shutterbrille (IR) Lieferzeit: ca. 1-2 Tage Statt 59,95 EUR Nur 49,99 EUR TOP -16% XpanD X105 3D Shutterbrille (RF) Lieferzeit: ca. 1-2 Tage Statt 59,95 EUR Nur 49,99 EUR TOP -17% Trackir 5 RoF Set Lieferzeit: ca. 1-2 Tage Statt 234,91 EUR Nur 192,99 EUR TOP -17% Trackir 5 Gamer Set + FREE GAME Lieferzeit: ca. 1-2 Tage Statt 234,91 EUR Nur 192,99 EUR Trackir 5 Zubehör 3D Brillen SmartNAV OptiTrack Bestseller Trackir 5 Gamer Set + FREE GAME Statt 234,91 EUR Nur 192,99 EUR TrackClip:PRO 45,95 EUR Trackir 5 basic 162,99 EUR VectorClip 19,98 EUR Trackir 5 RoF Set Statt 234,91 EUR Nur 192,99 EUR Newsletter-Anmeldung Anmelden Angebote Trackir 5 RoF Set Statt 234,91 EUR Nur 192,99 EUR Kundenlogin E-Mail-Adresse Passwort Anmelden Informationen Was ist der Trackir? Videos Sitemap Kundenbewertungen Wir sind Partner von: Trackir.eu Trackir.eu Ratenzahlung Powered by PayPal Zahlen Sie bei uns bequem und einfach mit Mehr über... Widerrufsrecht Software für den Trackir FAQs - Fragen+Antworten Unterstützte PC-Games Liefer- und Versandkosten Privatsphäre und Datenschutz SICHER BEZAHLEN WIR VERSENDEN MIT WIR SIND PARTNER HÄUFIG GESUCHT Trackir 5 Treiber / Software Videos Was ist der Trackir? Trackir 5 Gamer Set Unterstütze Games Trackir Upgrade-KIT Kundenservice Kontaktformular Impressum AGB´s Privatsphäre und Datenschutz Online-Streitschlichtungsplattform Rückrufservice / Rücksendung Telefon 02938 / 9789118 2connect Ltd.&Co.KG Internetshop by Gambio.de © 2017 {{#title}} {{title}} {{/title}} {{{items.src}}} {{#showButtons}} {{#buttons}} {{name}} {{/buttons}} {{/showButtons}} {{#content}} {{.}} {{/content}} {{#content}} {{{.}}} {{/content}} "
175,trekkinglager.de," Schwenkgrills und Outdoormesser von bekannten Marken kaufen bei Trekkinglager.de - Outdoor Equipement günstig kaufen im Outdoor Onlineshop Ok.Diese Webseite verwendet Cookies. Mit der weiteren Nutzung unserer Internetseite erklären Sie sich damit einverstanden. Weitere Infos...Cookie Consent plugin for the EU cookie law jQuery(document).ready(function() { jQuery('.percent').each(function(index) { var percent = $(this).text(); jQuery(this).html(parseInt(percent)+'%'); }); }); 30 TAGE RÜCKGABE*KAUF AUF RECHNUNGKOSTENLOSE RÜCKSENDUNG*BERATUNG VOM PROFI TEL.09823 926-560 Retouren | Kontakt / Hilfe | Login | Newsletter Ihr Warenkorb 0 Artikel 0,00 EUR Zur Kasse Unser Angebot Grillen & Lagerfeuer Messer & Werkzeuge Licht & Leuchten Schwerter & Dolche Orientierung & Uhren Outdoorküche Outdoormöbel Pflege & Wartung Leki Stöcke Reise & Freizeit Zelte Schlafsäcke & Matten Schuhe & Socken Bergsport Fahrrad Wassersport Mützen & Handschuhe Armbrust- & Bogensport SCHNÄPPCHEN % & TOLLE ANGEBOTE Rucksäcke & Taschen JACK WOLFSKIN -%- Service Retouren / Widerrufsrecht Versandkosten Schuhgrößen Tabelle Jack Wolfskin Maßtabellen Jack Wolfskin Rucksack / Rückenlängen Zahlungsarten findashop.de Angebot der Woche Unser neues Ladengeschäft in Ansbach: 5€ Gutschein als DankeschönNewsletter-Anmeldung E-Mail* Anmeldenwww.CleverReach.de tweetteilen+1Info Neu in unserem Angebot Haller Select Taschenmesser klassisches Design 440C Stahl 49,95 EUR inkl. ges. MwSt. 19% zzgl. Versandkosten Jack Wolfskin reduziert | Leki stöcke | Damenrucksäcke Genauso wie Outdoor Bekleidung von Mammut, Vaude, Salewa und vielen mehr! Reduzierte Jack Wolfskin Artikel bei Trekkinglager.de Auch Mäntel von Jack Wolfskin reduziert erhältlich Unser Sortiment bietet stets viele Artikel von Jack Wolfskin – reduziert und hochwertig. Daneben sind viele weitere Produkte aus dem Trekkingzubehör wie z. B. Stöcke von Leki erhältlich. Außerdem führen wir spezielle Damenrucksäcke sowie Umhängetaschen für den Alltag. Finden Sie bei uns Ihren individuellen Trekkingrucksack, eine Planentasche oder einen Bikerucksack nach Ihren Wünschen! Stöbern Sie durch unsere hochwertige Auswahl. Oder suchen Sie einen Rucksack für Kinder? Wie wäre es mit Kindertragen? Für die ambitionierten Outdoor Sportler unter uns haben wir z.B. Fahrradrucksäcke, Trekkingrucksäcke oder Leki Skistöcke sowie Leki Stöcke. Umhängetaschen für Herren oder Damen Schultertaschen liegen immer im Trend. 17 Zoll Notebookrucksack empfehlen. Damen bevorzugen in der kalten Jahreszeit die warmen und kuscheligen Jack Wolfskin Wintermantel. Sie sehen bei uns ist für Jeden das Passende dabei. Jack Wolfskin Reduziert Kundenbewertungen Trekkinglager.de - Onlineshop Kundenbewertungen, 4,9 / 5 Sternen Sport 2000 Mitglied bei Newsletter --> E-Mail* Anmeldenwww.CleverReach.de Datenschutz | AGB | Impressum | Startseite alle Preise inkl. gesetzlicher Mehrwertsteuer *=Die Lieferzeit bezieht sich auf eine Lieferung innerhalb von Deutschland. Die Lieferfristen für andere Länder sowie die Berechnung der Lieferzeit können Sie auf unserer Seite Versand einsehen. Wir räumen ein verlängertes Widerrufsrecht von 30 Tagen ein. Hierdurch entsteht keine Einschränkung der gesetzlichen Gewährleistung. Im Falle eines berechtigten Widerrufs tragen wir die Kosten der Rücksendung. Im Falle von Gewährleistungsansprüchen tragen wir bereits kraft Gesetz die Kosten der Rücksendung. **=versandkostenfrei ab 40 € brutto Warenwert bei Versand innerhalb Deutschlands Artikel mit Altersbeschränkung können bedingt durch den Versandservice ""eigenhändig"" nicht an Paketstationen geliefert werden. © 2016 by Trekkinglager.de craft24 - Fritz Schiller | Schillingsfürster Straße 14 | 91578 Leutershausen | Deutschland Datenschutz | AGB | Impressum | Startseite "
176,tropical-islands.de," Tropical Islands: Tropical Islands - Europas größte tropische Urlaubswelt Freie Jobs Zurück Startseite Preise & Buchung Preise & Buchung Preise & Tickets Gutscheine Angebote alle Angebote Ticket-Angebote Tauchen Sonntags-Special Tropischer Winter Frühbucher-Special Mobile Homes Wohlfühltage Wohlfühltage Wintercamping Silvester Gruppen & Vereine Tropische Welt Tropische Welt Attraktionen alle Attraktionen Regenwald Tropendorf Minigolf Island Ballooning Halle 10 Jahre Tropical Islands Wasserwelten Südsee Lagune Wasserrutschen Kinderbecken AMAZONIA Die wahre Geschichte Tropino Kinderclub Shopping Boulevard Private Feiern Familienfeiern Kindergeburtstag Mein perfekter Tag Unser perfekter Familientag Unser perfekter Pärchentag Sauna & Spa Sauna & Spa Saunen Wellness & Beauty Fitness-Club Kosmetik Massagen Übernachten Übernachten Zimmer Komfort-Zimmer Premium-Zimmer Designer-Zimmer Junior-Suiten Lodges Abenteuer-Lodges Premium-Lodges Zelte Safari-Zelte Premium-Zelte Campingplatz Service Stellplätze Tipi-Zelte Zeltplatz/-wiese Sanitäre Ausstattung Aktivitäten Kontakt & Anfahrt FAQ Campingplatz Mobile Homes Nature Homes Ferienhäuser Ausflugsziele FAQ In der Halle Resort Essen & Trinken Essen & Trinken Restaurants Bars & Lounges Besucher-Info Besucher-Info Kontakt & Anfahrt News Events Newsletter Auszeichnungen Inhalte A-Z Bildergalerie Firmen Gruppen Karriere Presse Service-Telefon +49 (0) 3 54 77 - 60 50 50 täglich von 8:00 bis 21:00 Uhr Anfahrt Tropical Islands Tropical-Islands-Allee 1 15910 Krausnick Routenplanung Folgen Sie uns: Akzeptierte Zahlungsmethoden AGB Datenschutz Impressum Bildergalerie Firmen Gruppen Karriere Preise & Buchung Tropische Welt Sauna & Spa Übernachten Essen & Trinken Besucher-Info Preise & Tickets Gutscheine zum Shop Angeboteper Newsletter Angebotealle AngeboteTicket-AngeboteSonntags-Special Frühbucher-SpecialTauch-Angebot Private FeiernFamilienfeiern KindergeburtstagHochzeiten & Trauungen Firmen/MICE Incentives Events Tagungen Silvester Hochzeiten & Trauungen Attraktionenalle AttraktionenRegenwald Tropendorf Minigolf Island Ballooning Halle Außenbereich AMAZONIA WasserweltenSüdsee & Tauchprogramm Lagune Wasserrutschen Kinderbecken Tropino Kinderclub Shopping Boulevard Mein perfekter Tag Kapitän Ecki Interaktive Karte Freizeitcenter Sauna-Landschaft Kosmetik Massagen Fitness-Club Wellness & Beauty ZimmerKomfort-Zimmer Premium-Zimmer Designer-ZimmerJunior-Suiten LodgesAbenteuer-Lodges Premium-Lodges ZelteSafari-Zelte Premium-Zelte Ferienhäuser FAQ CampingplatzStellplätze Tipi-Zelte Zeltplatz/-wieseFreizeitcenter Mobile Homes NEU: Nature Homes Außenbereich AMAZONIA Restaurants Bars & Lounges Firmen/MICE Sonntags-Special Frühbucher-Special Öffnungszeiten, Anfahrt und Kontakt News Events Inhalte A-Z Newsletter Auszeichnungen Kapitän Ecki für Kids Ausflusgsziele Gruppen Karriere Quick-LinksÜbersichtskarte Tickets & Gutscheine Inhalt von A-Z Kontakt & Anfahrt FAQ Angebote Tropische Übernachtung Südsee, Sandstrand, Palmen nur 60 km von Berlin! zur Südsee NEU: Nature Homes Mehr Platz, mehr Natur, mehr Erholung! alle Infos Lagune, Wasserfall, Whirlpools - Wohlfühltemperaturen das ganze Jahr! zur Lagune Tropical Islands AMAZONIA der neue Außenbereich auf 35.000 m² AMAZONIA Übernachten mit Blick auf Lagune, Regenwald oder Südsee … hier buchen Attraktionen auf einen Blick: Ihr perfekter Tag in den Tropen! jetzt entdecken Buchen Buchen Pick a date Pick a date 2 Personen Erwachsene Kinder (0-3 Jahre) Kinder (4-5 Jahre) Kinder (6-14 Jahre) TicketsTagesticket kaufen GutscheineGutscheine kaufen Tropical Islands Resort Europas größte tropische Urlaubswelt Das Tropical Islands Resort ist das ganze Jahr geöffnet* - auch an Feiertagen! Die Erlebnis-Landschaft können Übernachtungsgäste 24 Stunden am Tag nutzen. 365 Tage, 24 Stunden geöffnet* Nur 60 Kilometer von Berlin, im beliebten Spreewald Über 100.000 m² Erlebnisfläche innen und außen ab 33,00 EUR pro Person Kinder bis 5 Jahre inklusive Tropische Attraktionen Island Balloning Erobern Sie den tropischen Luftraum mit dem Ballon! Tropendorf Das Tropendorf: Originalbauten erzählen von fernen Ländern ... Whitewater River Deutschlands längster Wildwasserfluss! Tropino Kinderclub Kinderspaß auf 6000 m² mit Klettergerüst, Mini Cars und Bumper Boats! Rutschenturm Deutschlands höchster Rutschenturm mit vier Abfahrten! Regenwald Der größte Indoor-Regenwald der Welt: 50.000 Pflanzen und über 600 Arten! Sauna & Spa Europas größte tropische Sauna-Landschaft: 7 Saunen auf 10.000 m², Wellness und Kosmetik Tropical Islands Angebote Frühbucher-Special Bis zu 10 % sparen! 6 Wochen im Voraus buchen und bis zu 10 % im Familien- oder Doppelzimmer. ab 99,00 EUR p.P. Sonntags-Special Wochenend-Ausklang unter Palmen zum Sparpreis Der Sonntag ist bei uns nicht nur besonders billig, sondern am Strand auch besonders schön. ab 57,00 EUR p.P. Weihnachtszauber Eintritt und Weihnachtsmarkt Besuchen Sie einen der beliebtesten Weihnachtsmärkte in Deutschland. ab 64,00 EUR p.P. Weitere Angebote Übernachten unter Palmen Zelte am Regenwald ab 75,00 EUR p.P. Abenteuer- und Premium-Lodges ab 100,00 EUR p.P. Zimmer und Suiten ab 120,00 EUR p.P. Events Individuelle Weihnachtsfeier ab 88,00 EUR pro Person MICE Der ruhige Jahreswechsel Hier geht es zum entspannten Silvester Event. alle Events ansehen >> Aktuelles NEU: Nature Homes Die Natur entspannt genießen, in unseren neuen Nature Homes. Bewirb Dich im Tropical Islands! Tropical Islands ist immer auf der Suche nach neuen Mitarbeitern. alle News ansehen >> Lage & Anfahrt Tropical Islands liegt an der A 13 (Berlin-Dresden), ca. 50 Kilometer südlich von Berlin-Schönefeld. Tropical Islands Tropical-Islands-Allee 1 15910 Krausnick Routenplanung Detaillierte Anreisebeschreibung Öffnungszeiten Anfahrt Lageplan Bildergalerie Kurzurlaub im Tropical Islands Erleben Sie die Tropen! Kurzurlaub auf einer tropischen Insel, das bedeutet Schwimmen, Baden und Tauchen in der Südsee oder der Lagune. Zahlreiche Attraktionen wie der größte Indoor-Regenwald oder Deutschlands höchster Wasserrutschen-Turm erwarten Sie! In der Sauna-Landschaft auf 10.000 Quadratmetern können Sie sich nach einem aufregenden Tag eine Massage gönnen oder in den sieben Saunen entspannen. Entdecken Sie Tropical Islands AMAZONIA, den ganzjährig geöffneten Außenbereich mit Pools, Whitewater River und Sportfeldern. Genießen Sie auch unsere 13 Restaurants, Bars und Lounges; für das perfekte Urlaubserlebnis stehen außergewöhnlich thematisierte Übernachtungsmöglichkeiten bereit. Tropical Islands Auszeichnungen Akzeptierte Zahlungsmethoden reinhören Quick-Links Interaktive Karte Preise & Tickets Inhalte A-Z Kontakt & Anfahrt Newsletter Gruppen Gruppen & Vereine Schulklassen Touristiker Unternehmen Karriere Presse Impressum Datenschutz AGB Firmen/MICE Incentives Feiern & Events Tagungen Übernachtungskapazitäten Firmen-Newsletter Kontakt Tropical Islands Tropical-Islands-Allee 1 15910 Krausnick +49 (35477) 605050 (Mo. bis So. 8:00 bis 21:00 Uhr) welcome@tropical-islands.de Routenplanung Diese Webseite verwendet Cookies. Wenn Sie auf der Seite weitersurfen, stimmen Sie der Cookie-Nutzung zu. mehr Informationen «F, Y»MoDiMiDoFrSaSoNaNNaNNaNNaNNaNNaNNaNNaNNaNNaNNaNNaNNaNNaNNaNNaNNaNNaNNaNNaNNaNNaNNaNNaNNaNNaNNaNNaNNaNNaNNaNNaNNaNNaNNaNNaNNaNNaNNaNNaNNaNNaNfalseClear date«F, Y»MoDiMiDoFrSaSoNaNNaNNaNNaNNaNNaNNaNNaNNaNNaNNaNNaNNaNNaNNaNNaNNaNNaNNaNNaNNaNNaNNaNNaNNaNNaNNaNNaNNaNNaNNaNNaNNaNNaNNaNNaNNaNNaNNaNNaNNaNNaNfalseClear date"
177,trustimmobilien.ch," Home KaufenMietenKompetenzenUnternehmenReferenzenKontakt EN KaufenMietenKompetenzenUnternehmenReferenzenKontakt persönlich kompetent engagiert Trust Immobilien betreut Ihren Immobilienverkauf und Ihre Liegenschaftsvermietung am Zürichsee. Kaufen Verkaufen / Schätzen Wir sind Ihr Team! Zufriedene Kunden sind unser Ziel Als gewachsenes Familienunternehmen verbinden wir Verantwortung und Zuverlässigkeit mit hohem Fachwissen. Mit uns haben Sie einen Partner an Ihrer Seite, auf den Sie sich verlassen können. Engagiert für Sie Von der Wertermittlung bis zum perfekten Marketingkonzept mit innovativen Ideen – das Team von Trust Immobilien ist Ihr engagierter Partner für den erfolgreichen Vermietungs- und Verkaufsprozess. Das Besondere ist nicht was wir tun, sondern wie. Unser Name hält, was er verspricht. Die richtige Entscheidung Nur wenige Immobilienunternehmen können auf eine lange und gesunde Firmengeschichte verweisen. Trust Immobilien ist stolz, mehr als 20 Jahre erfolgreich im Markt zu arbeiten. Unsere Mitarbeiter erfüllen mit hoher Qualifizierung und viel persönlichem Engagement Ihre Ansprüche an Qualität und Service. Trust Immobilien Hauptsitz Richterswil ZH Rosengartenstrasse 2 CH-8805 Richterswil T +41 44 787 33 22 F +41 44 787 33 21 E-Mail Trust Immobilien Standort Pfäffikon SZ Churerstrasse 135 CH-8808 Pfäffikon T +41 55 442 07 77 E-Mail To top"
178,udmedia.de," Mehrgenerationenwohnen und Sozialer Wohnungsbau in München, Rosenheim und Innsbruck. Rupert Voß | Voss AG | Innzeit | Dahoam im Inntal Call Us Today! 1.555.555.555|info@yourdomain.com PhilosophieImmobilienentwicklungReferenzenKontakt PhilosophieImmobilienentwicklungReferenzenKontakt Der Kunde mit seinem Wertemodell, seinen Zielvorstellungen und Idealen ist der Ausgangspunkt unserer Arbeit. Dabei stehen wir für Individualität und für die Fähigkeit, interdisziplinär zu denken und zu handeln. Wir stellen uns und unsere Arbeitsweise in Frage, lernen daraus und streben nach Perfektion und Effizienz. Für unsere Kunden, Partner und Mitarbeiter schöpfen wir die Entwicklungspotentiale aus. Wir kreieren neue Wege und Strukturen, die zur Weiterentwicklung beitragen. Wir setzen Maßstäbe. Kreativität, Innovation sowie die Orientierung an den Menschen und am Gemeinwohl zeichnen unsere Arbeitsweise aus. Mit Ergebnisorientierung und Wissenstransfer erreichen wir unsere Ziele. Unsere Lösungen sind kundenorientiert und maßgeschneidert. Wir realisieren „Leuchtturm-Lösungen“, die ihres gleichen suchen. Wir stellen uns auf unser Gegenüber ein, erfassen und analysieren dessen Ziele und Bedürfnisse. Dabei streben wir eine persönliche, verbindliche, individuelle Lösung mit den jeweiligen Menschen an. Startseite X-TREM 2017-12-13T15:47:35+01:00 STELLENANGEBOTE | PRESSE | IMPRESSUM & DATENSCHUTZ FacebookXingYouTubeWikipedia Go to Top"
179,uni-karlsruhe.de," KIT Scientific Publishing - vormals Universitätsverlag Karlsruhe Bitte beachten Sie Das aktuelle Angebot von KIT Scientific Publishing, ehemals Universitätsverlag Karlsruhe, finden Sie unter www.ksp.kit.edu. "
180,uni-saarland.de, Startseite | Universität des Saarlandes PresseVeranstaltungenMedienechoVideos Bewerbung und Einschreibung UniversitätSchüler|AbiturientenWirtschaftsportalExzellenzinitiative Werkstoffwissenschaftler verbessert Spritzguss-Bauteile Vorverkauf für den Uni-Winterball in der Congresshalle gestartet StudiumForschungFakultätenService und Kultur Milliardenschweres Quanten-Flaggschiff nimmt Fahrt auf Stiftungsprofessur für Erwachsene mit angeborenem Herzfehler Ins AuslandAus dem AuslandInternationales ProfilFrankreich im Fokus Patricia Oster-Stierle mit hohem Ritterorden ausgezeichnet Frank Mücklich in Akademie der Technikwissenschaften VolltextsuchePersonensucheA-Z-Suche PresseBeschäftigteWebteam Anfahrt & KontaktImpressumDatenschutz Deutsch English Français 
181,urlaub-anbieter.com," Ferienwohnungen, Ferienhäuser und mehr für Ihren Urlaub Login Ferienunterkunft inserieren www.urlaub-anbieter.com Sie suchen eine Ferienunterkunft? Hier können Sie die Urlaubsangebote durchsuchen gegliedert nach Urlaubsregionen und Urlaubsarten. Urlaub-Angebote durchsuchen Möchten Sie ein Ferienobjekt anbieten? Den Preis für eine einjährige Eintragung siehe Preisliste. Sie können auch einen Link zu Ihrer Homepage angeben. Ferienunterkunft inserieren Unsere beliebtesten Urlaubsländer: Deutschland Österreich Italien Kroatien Spanien Frankreich Polen Niederlande Griechenland Ungarn Tschechien Schweden Schweiz Grossbritannien Portugal Thailand Belgien mehr ... Unsere beliebtesten Ferienunterkünfte: Ferienwohnung Ferienhaus Hotel Apartment Bauernhof Bungalow Camping Chalet Ferienanlage Ferienvilla Finca Gästehaus Gasthof Hütte Lodge Pension Studio Suite Zimmer mehr ... Unsere beliebtesten Urlaubsarten: Abenteuerurlaub Aktivurlaub Almurlaub Angelurlaub Urlaub mit Baby Badeurlaub Beautyurlaub Behindertengerechter Urlaub Bergurlaub Bootsurlaub Erholungsurlaub Erlebnisurlaub Fahrradurlaub Familienurlaub Golfurlaub Gruppenurlaub Jugendurlaub Kulturreise Kururlaub Kuschelreisen Langlaufurlaub Natururlaub Reiturlaub Rundreisen Schülerreisen, Klassenfahrten Segelurlaub Skiurlaub Sporturlaub Sprachreisen Tauchurlaub Urlaub mit Haustier Wanderurlaub Wassersporturlaub Wellnessurlaub mehr ... www.urlaub-anbieter.com Kontakt, Disclaimer, Datenschutzerklärung, Impressum und Infos lt. ECG Geschäftsbedingungen und Nutzungsbedingungen Preisliste Mit der Nutzung dieser Website erklären Sie sich mit unseren Geschäftsbedingungen, Nutzungsbedingungen und unserer Datenschutzerklärung einverstanden. Kontakt, Disclaimer, Datenschutzerklärung Impressum und Informationen lt. ECG Preisliste Geschäftsbedingungen und Nutzungsbedingungen Mit der Nutzung dieser Website erklären Sie sich mit unseren Geschäftsbedingungen, Nutzungsbedingungen und unserer Datenschutzerklärung einverstanden. "
182,urlaubsexperte.de," urlaubsexperte.de - Die Lounge +Icon Über uns Kreuzfahrt Spezialist Landurlaub buchen Karriere bei urlaubsexperte.de Kontakt & Anfahrt Über uns Kreuzfahrt Spezialist Landurlaub buchen Karriere bei urlaubsexperte.de Kontakt & Anfahrt Folgen Sie uns: „urlaubsexperte.de – die lounge“ wurde 2017 von einer renommierten Fachjury mit dem Globus Award für beste Nachwuchs- und Mitarbeiterförderung ausgezeichnet! alle Infos als PDF Kreuzfahrt Spezialist Als einer der führenden Kreuzfahrtanbieter finden Sie bei uns alle Reisen und Informationen verschiedener Reedereien von AIDA bis zu TUI Cruises. Wir verbinden die Vorzüge Ihres persönlichen Reisebüros mit den Vorteilen des Internets. Unsere verschiedenen Spezialisten Teams betreuen Sie gerne persönlich. Überzeugen Sie sich selbst! unsere Markenshops Landurlaub buchen Für alle, die lieber festen Boden unter ihren Füßen haben und Landurlaub machen, haben wir eine große Auswahl an Reisen auf unserer Seite urlaubsexperte.de . Schauen Sie doch einfach mal vorbei und finden Sie jetzt Ihren Traumurlaub.Jetzt Traumurlaub buchen Über unsWer sind wir?Lernen Sie uns besser kennen. Karriere bei urlaubsexperte.deWachsen Sie mit uns und werden Sie Teil unseres jungen und dynamischen Teams. Wir über uns Das Team Die Lounge Karriere Warum urlaubsexperte.de? Stellenangebote Kreuzfahrt Spezialist clubschiff-profis.de sun-cruises.de mschiff.de meer.travel flussreise.travel Landurlaub buchen urlaubsexperte.de Infos Kontakt & Anfahrt Impressum "
183,viktoria.at," A-VITA Viktoria Residenzen - Luxus-Appartements · Seefeld · Tirol Viktoria living Azahar DE EN Luxus-Apartments Apartment-Übersicht Häufige Fragen Unverbindlich anfragen Online Buchen Newsletter Preise Verfügbarkeit prüfen Wellness Winter Winterspaß Ski & Snowboard Langlaufen Aktivitäten Sport- & Kongresszentrum Nordische Ski WM 2019 Sommer Sommer in Seefeld Wandern Golf Radfahren & E-bike Aktivurlaub Webcams Anreise & Kontakt AnfragenBuchen prevnext Feel the lifestyle of A-VITA! Serviced Apartments im Herzen von Seefeld. +43 5212 4441 Live Chat A-VITA Viktoria Residenzen **** Luxus Appartements in der Olympiaregion Seefeld In ausgezeichneter, ruhiger und sonnigen Lage befinden sich die A-VITA Viktoria Residenzen **** auf einer kleinen Anhöhe nahe der Fußgängerzone und Ortszentrum. Residenzen für gehobene Ansprüche – Ihre gehobenen Ansprüche modernen Wohnens zu Hause, erleben Sie hier, vereint mit den Annehmlichkeiten des Services eines Hotels. Tiefgaragenplatz inkludiert. Golfgründerbetrieb. Modernes Wohnen auf rustikalen Landhausdielen entspricht dem Geist der Zeit. Die Wohnungen sind mit modernen Farben, Naturhölzern und edlen Materialien ausgestattet. 100% Weiterempfehlung A-VITA Viktoria Residenzen Jetzt bewerten Luxus Apartements Unsere neuen Zimmer & luxus Appartements in modernen Farben, Naturhölzern und edlen Materialien werden Sie mit typischem Tiroler Charme begeistern. mehr erfahren Preise und Informationen Ihre gehobenen Ansprüche modernen Wohnens zu Hause finden Sie bei uns. Wir bieten Ihnen luxuriöse Appartements der Spitzenklasse auf Wunsch mit Hotelservice. mehr erfahren ""Sweet Spa"" Lassen Sie die Seele baumeln und Ihren erlebnisreichen Tag Revue passieren. In unserer Spa-Area verwöhnen wir Sie mit einer Sauna, einer Infrarotkabine mit Farbtheraphie und einem Solarium. mehr erfahren Skifahren & Snowboarden Exklusives Alpin-Erlebnis für die ganze Familie. mehr erfahren Langlaufen Langlaufen am schönsten Hochplateau in den Alpen. mehr erfahren Urlaub in der Olympiaregion Seefeld? Senden Sie uns eine unverbindliche Anfrage oder kontaktieren Sie uns gleich jetzt über unsere Online-Rezeption. Im direkten Gespräch finden wir garantiert ganz unkompliziert das richtige Angebot für Sie. Live Chat Wintersport und Freizeitspaß Ein wahres Winter-Paradies in der Olympiaregion Seefeld in Tirol - eingebettet in eine atemberaubende Berglandschaft auf 1.200 Höhenmetern im Herzen der Tiroler Alpen. Seefeld ist (er)lebenswert und besticht mit Bodenständigkeit in Kombination mit schlichter Eleganz und anspruchsvollem internationalen Flair. mehr erfahren Sommer in der Olympiaregion Seefeld Das nach Süden hin offene, auf 1.200 Metern Seehöhe gelegene Hochplateau unterteilt sich in fünf Orte, welche eine ausgesprochene Vielfalt an Sport- und Freizeitmöglichkeiten für Ihren Urlaub in einer atemberaubenden Naturlandschaft bieten. Die Philosophie des Nordic Lifestyles steht im Fokus der Region und umfasst Sport, Genuss und Anregung – ein Konzept mit ganzheitlichem Erlebnis für alle Sinne. mehr erfahren Wandern Ein Wandererlebnis durch die unberührte Natur der Tiroler Alpen. mehr erfahren Golf Golferlebnis in einer faszinierenden Berglandschaft am Hochplateau. mehr erfahren Seefeld in Tirol Seefeld in Tirol Marbella Wir freuen uns auf Sie! Hohe Munde Straße 5896100 Seefeld in Tirol+43 5212 4441hotel@viktoria.at Infos & Links Anfahrt & KontaktHäufige FragenUnverbindlich AnfragenOnline Buchen Newsletter Melden Sie sich für unseren Newseletter an und erhalten Sie laufende Informationen und exklusive Angebote zu unseren Häusern!jetzt anmelden! ©2017 AVITA living | Impressum Schließen Ihre ehrliche Meinung hilft uns noch besser zu werden. Wie bewerten Sie Ihren Aufenthalt - ""A-VITA Viktoria Residenzen""? Aussagekräftiger Titel Ihrer Bewertung Bitte schreiben Sie zwischen 2 und 50 Zeichen. Ihre Bewertung 0 Zeichen (min: 2, max: 50) Bitte schreiben Sie zwischen 100 und 1200 Zeichen. Empfehlen Sie das Hotel weiter?* 0 Zeichen (min: 100, max: 1200) Ja Nein Bitte wählen Wie bewerten Sie das Hotel? Bitte wählen Ich möchte doch nicht bewerten. Weiter Ihre Angaben machen die Bewertung persönlicher und sind Teil unserer Qualitätssicherung! Vorname Vorname Alter -bitte wählen-14-1819-2526-3031-3536-4041-4546-5051-5556-6061-6566-70>70 -Alter- Wohnort Ihr Wohnort Ich lebe in -bitte wählen-DeutschlandÖsterreichSchweizNiederlandeBelgienLuxemburgLiechtenstein------------ArgentinienChileFrankreichGriechenlandGroßbritannienItalienKanadaKolumbienMexikoPolenRumänienRusslandSchwedenSlowakeiSlowenienSpanienTschechische RepublikUkraineUngarnUSAVenezuelaSonstige -Land- Ich war dort für - Bitte wählen -1-3 Tage3-5 Tage1 Woche2 Wochen3 Wochen4 Wochen5 Wochen> 5 Wochen -Dauer- im - Bitte wählen -201520162017 -Jahr- -Monat- JanuarFebruarMärzAprilMaiJuniJuliAugustSeptemberOktoberNovemberDezember -Monat- Ich reiste als - Bitte wählen -Allein/SinglePaarFamilieFreunde -bitte wählen- - Bitte wählen -keine1234> 4 Mitgereiste Kinder - Bitte wählen -BadeurlaubGeschäftsreiseStädtereiseWander- und WellnessurlaubWintersporturlaubSonstiger Aufenthalt Urlaubsart Jetzt ist nur noch ein kleiner Schritt nötig. Bitte geben Sie hier eine gültige E-Mail-Adresse an, damit wir Ihre Bewertung veröffentlichen können. Ihre E-Mail-Adresse wird nicht veröffentlicht. E-Mail Ihre E-Mail Adresse E-Mail wiederholen Die eingegebene Email-Adresse muss der obigen entsprechen. Ich habe im Hotel übernachtet und nur korrekte Angabe gemacht. Die Nutzungsbedingungen von HolidayCheck akzeptiere ich in der jeweils neusten Fassung. Bitte akzeptieren Sie die HolidayCheck Nutzungsbedingungen. Zurück Bewertung abschicken Vielen Dank Vielen Dank für Ihre Bewertung zu A-VITA Viktoria Residenzen Sie sind fast fertig. Sie müssen nur noch Ihre E-Mail-Adresse bestätigen. - Gehen Sie dazu in Ihr E-Mail-Postfach - Öffnen Sie die E-Mail mit dem Betreff ""Bitte bestätigen Sie Ihre Hotelbewertung"" - Klicken Sie auf den Link ""Hotelbewertung abschließen"". Sollten Sie keine E-Mail von HolidayCheck finden, sehen Sie bitte auch in Ihren Spam-Ordnern nach. Bis gleich! Ihr HolidayCheck-Team Schließen Powered by Userlike "
184,vineola.de," Italienische Weine - Weinhandel - Vino - Vineola.de Unsere Website setzt Cookies ein, um unsere Dienste für Sie bereitzustellen. Durch die Nutzung unserer Dienste erklären Sie sich damit einverstanden, dass wir Cookies setzen. Mehr erfahren. Weine aus Italien: Rotwein, Weißwein, Roséwein, Prosecco und Spumante, dazu Grappa und Feinkost  alles ab Lager zu günstigen Preisen, z.B. Amarone, Brunello, Chianti, Dolcetto, Italienischer Wein » Ihr Konto | Merkzettel | Warenkorb | Kasse Infos zu: Italienische Rotweine | Italienische Weissweine Suche Erweiterte Suche » Hersteller aus Italien Bitte wählenAbbonaAgricola Querci..AllegriniAlois LagederAlturisAMICA ChipsAntica Torrener..ArgiolasArnaldo CapraiBaracchiBellavistaBeni di Batasio..Bepin de EtoBerlucchiBialettiBigiBorgo MolinoBortolo NardiniBottegaBraidaBresca DoradaBulgariniCà BiancaCà dei FratiCa´del Bo..Ca' DoniniCaffoCantina della V..Cantina di Mont..Cantina di Soav..Cantina Miglian..Cantina Valdadi..Cantine EuropaCarlo Pellegrin..CarpinetoCasa BiancheCasa RinaldiCastello BanfiCastello di Mag..Castello MonaciCastello Romito..CeciCiemme LiquoriConti d'ArcoConti Formentin..Conti ZeccaContriCorte FigarettoDe CeccoDi Majo NoranteDonnafugataEnoviteEnzo BogliettiFalescoFerrariFerrocintoFeudi di San Gr..Feudi di San Ma..Fontana CandidaFrazzittaGarofoliGigi RossoGirlanGöschle - Die T..GranoroJacopo Biondi S..JermannKettmeirKurtatschLa TunellaLe ManzaneLenottiLeone de Castri..LibrandiLivio FellugaLungarottiMarchesi dè Fre..Marchi VandaMario FongoMarzadroMasiMeliniMichele ChiarloMidoliniMonchiero Carbo..MontaniniMorelliNals MagreidNino NegriNonino Distilla..Nord SalsePaolo RodaroPasiniPio CesarePlanetaProduttori Vini..ProvenzaRocca BernardaSacchettoSan DonaciSan PatrignanoSanpaoloSanta Margherit..Santa Maria La ..Santa SofiaSantiSella & MoscaSpadaio e Pieco..Spin & GinSt. Michael-Epp..Tasca d`Almerit..Tenimenti Angel..Tenuta CaparzoTenuta dellŽOrn..Tenuta Friggial..Tenuta RapitalàTenuta Sant Ant..TerlanTerre Cortesi M..Terre degli Sve..Terre del Barol..Terre di Maria ..Terre NardinTeruzzi & Putho..TiefenbrunnerTorreventoTostiTre ManiUmani RonchiValdoValerio ZenatoVarvaglione 192..Venica & VenicaVergnano 1882Vie di RomansVilla OlmiViscontiViticoltori Pon..Volpe PasiniZabuZenatoZENIZottZuccato Unsere Weine aus Italien Angebote & Restposten Weinsorten Weißweine Rotweine Roséweine Schaumweine Gambero Rosso Dessertweine & Grappe Große Flaschen Kleine Weinflaschen Aperitifs & Liköre Weinpakete Feinkost Wein-Accessoires Grußkarten Präsentkassetten Geschenke Mehr über... Versandbedingungen Datenschutz AGB Impressum Kontakt Sitemap Widerrufsbelehrung Jugendschutz Partnerseiten Allgemeine Hinweise / Anfahrt vineola.de - Weine aus Italien Vineola Aktuell Weinwissen Winzer des Monats Wein-Empfehlungen LENOTTI Colle dei Tigli Veneto Bianco IGT 2016 Trockener italienischer Weißwein mit fruchtigem Bouquet. EUR 0,75 l 4,80 6,40 EUR pro Liter, inkl. 19 % MwSt., exkl.VersandkostenVersandkosten CONTRI Terre del Sole Fragolino Rosso Fruchtig süßer italienischer Schaumwein mit Bouquet von Walderdbeeren. EUR 0,75 l 3,25 4,33 EUR pro Liter, inkl. 19 % MwSt., exkl.VersandkostenVersandkosten VILLA OLMI Baglio al Sole Primitivo IGT 2016 Vollmundiger, warmer italienischer Rotwein mit intensivem weinigen Bouquet von reifen Früchten und Leder. EUR 0,75 l 7,90 10,53 EUR pro Liter, inkl. 19 % MwSt., exkl.VersandkostenVersandkosten FEUDI DI SAN MARZANO I Tratturi Rosso Salento IGP 2016 Körperreicher, gut ausbalancierter italienischer Rotwein mit einem vielschichtigen und sehr fruchtigen Bouquet. EUR 0,75 l 5,90 7,87 EUR pro Liter, inkl. 19 % MwSt., exkl.VersandkostenVersandkosten BORGO MOLINO Corte delle Rose Il solito Cuvée brut Fein perlender trockener italienischer Schaumwein mit reifem fruchtigem Bouquet und anhaltender Perlage. EUR 0,75 l 7,50 10,00 EUR pro Liter, inkl. 19 % MwSt., exkl.VersandkostenVersandkosten TRE MANI Casale Ionico - Negroamaro Salento IGP 2014 Gut strukturierter italienischer Rotwein mit intensivem Bouquet von reifen Früchten. EUR 0,75 l 6,50 8,67 EUR pro Liter, inkl. 19 % MwSt., exkl.VersandkostenVersandkosten CANTINE EUROPA Roceno Grecanico Terre Siciliane IGP 2015 Aromatischer, knackiger italienischer Weißwein mit Bouquet von Südfrüchten. EUR 0,75 l 6,60 8,80 EUR pro Liter, inkl. 19 % MwSt., exkl.VersandkostenVersandkosten TRE MANI Rivale Primitivo di Manduria DOC 2015 Kräftiger, vollmundiger italienischer Rotwein mit intensivem Bouquet von Kirschmarmelade und Pflaumen. EUR 0,75 l 9,90 13,20 EUR pro Liter, inkl. 19 % MwSt., exkl.VersandkostenVersandkosten VINI MANDURIA aka Primitivo Rosato IGP 2016 Vollmundiger, lebendiger und frischer italienischer Roséwein mit intensivem Bouquet von Waldfrüchten, Erdbeeren und Kirschen. EUR 0,75 l 8,40 11,20 EUR pro Liter, inkl. 19 % MwSt., exkl.VersandkostenVersandkosten Vineola.de – Ihr Spezialist für Italienische Weine Sie lieben italienische Weine? Dann heißen wir Sie herzlich willkommen bei Vineola.de, Ihrem spezialisierten Online-Weinhandel für Wein aus Italien! Wir bieten Ihnen ein vielfältiges Sortiment an hochwertigen Weinen aus allen Regionen der südeuropäischen Halbinsel. Zudem finden Sie bei uns auch Schaumweine und Prosecco, Süßweine, verschiedene Grappa, Aperitifs und Liköre. Weine aus Italien - von den Abruzzen bis Venetien Italien zählt zu den ältesten und bedeutendsten Weinbau-Ländern der Welt. Die Anbaufläche wurde in den letzten Jahrzehnten zugunsten der Qualität auf circa 800.000 Hektar reduziert. Durch die charakteristische Form des Landes und die Unterschiede in Klima und Bodenbeschaffenheit reifen unter der mediterranen Sonne international bekannte Rebarten wie Merlot, Cabernet Sauvignon, Syrah und Chardonnay. Italiens Winzer haben in der Vergangenheit jedoch einheimische, autochthone Rebsorten für den Qualitätsweinbau wiederentdeckt. Die Weinbauern konzentrieren sich bei diesen Rebsorten auf eine deutliche Qualitätssteigerung bei sinkenden Erträgen pro Hektar. Besondere Erfolge erzielten die Winzer unter anderem bei den roten Rebsorten Sangiovese, Nebbiolo, Corvina und Barbera. Aus diesen Rebsorten, die im Norden und in der Toskana angebaut werden, werden bekannte Spitzenweine wie Barolo, Barberesco, Brunello, Chianti Montepulciano und Amarone gekeltert. Zunehmend gewinnen die Rebsorten des Südens wie Negroamaro, Aglianico, Primitivo und Nero d'Avola an Bedeutung. Eine bedeutende und bekannte Rebsorte im Norden ist der Prosecco, aus dem der gleichnamige Schaumwein produziert wird. Weniger bekannt ist die kleine 'Champagne' Italiens zwischen Bergamo und Brescia, wo der einzige DOCG-Schaumwein, der 'Franciacorte', hergestellt wird. Italienischer Rotwein – ein vollmundig-fruchtiges Geschmackserlebnis Obwohl in Italien nahezu gleichviel Weißwein wie Rotwein angebaut wird, sind die wirklich großen Weine fast ausnahmslos rot. Italienischer Rotwein ist für seinen intensiven, vollmundigen Geschmack bekannt und wird von vielen Weinkennern als bester Rotwein der Welt bezeichnet. Zu den bekanntesten Sorten gehören der Chianti, Bardolino, Sangiovese, Montepulciano und Valpolicella. Der Barolo, einst als 'Wein der Könige' bezeichnet, gilt auch heute noch als delikater Festtagswein. Generell passen Rotweine am besten zu deftigen Fleischgerichten und kräftigen Käsesorten, doch wir führen auch Weine, die mit verschiedenen Speisen harmonieren. Werfen Sie doch gleich einen Blick auf die Artikelbeschreibung und informieren Sie sich über den ausgewählten 'vino'. Die verschiedenen Qualitätsstufen der 'vini' Italienischer Wein wird in vier Qualitätsstufen eingeteilt. Die einfachste Qualitätsstufe heißt 'vino da tavola' (Tafelwein), ohne genaue Angabe der Herkunft und des Jahrgangs. Höher angesiedelt ist IGT (Indicazione Geografica Tipica), die für regionale Landweine verwendet wird, mit Anbaugebiet, Sorte, und Jahrgang. Es folgt die Stufe DOC (Denominazione d'origine controllata). Die nächsthöhere und höchste amtliche Qualitätsstufe heißt DOCG (Denominazione d'origine controllata e garantita). Zusätzlich gibt es noch Klassifizierungen für Wein, die auf die Lagerung hinweisen, wie etwa die Prädikate 'Riserva' oder 'Vecchio' (lagern länger im Fass als vorgeschrieben). 'Superiore' beschreibt wiederum einen Wein, der einen höheren Alkoholgehalt hat als der Standard-DOC-Wein. Was viele Weinliebhaber nicht wissen: In Italien ist das Anreichern von Weinen mit Zucker, wie es in Deutschland oder Frankreich zugelassen ist, verboten. Bereits seit der frühen Antike wird in Italien Wein angebaut, und bis heute sind rund 1.000 Rebsorten registriert. 400 Sorten sind im Regelwerk der DOC zugelassen oder empfohlen. Wir bieten Ihnen die ganze Vielfalt italienischer Weine, vom günstigen, ausgezeichneten Wein für jeden Tag bis hin zu den Spitzenweinen für besondere Anlässe. Lernen Sie die exzellenten Weine aus Italien kennen und stöbern Sie durch unser Angebot. Von den Alpen im Norden bis nach Apulien und Sizilien im Süden gedeihen prächtige Reben, aus denen Rotwein, Rosé oder Weißwein hergestellt wird. Wir haben unser Sortiment nach Regionen angeordnet, sodass Sie gezielt nach dem bevorzugten Produkt suchen können. Wenn Sie nicht genau wissen, aus welcher Gegend der gewünschte Wein aus Italien stammt, geben Sie den Artikelnamen einfach in unserer Suchmaske ein. Sind Sie neugierig geworden? Entdecken Sie in unserem Weinhandel vineola.de die Vielfalt italienischer Weine und finden Sie Ihren Lieblings-Vino! Ihr Team von Vineola.de Vineola.de – Unsere Hersteller Abbona – Agricola Querciabella – Allegrini – Alois Lageder – Alturis – AMICA Chips – Antica Torreneria Piemontese – Argiolas – Arnaldo Caprai – Baracchi – Bellavista – Beni di Batasiolo – Bepin de Eto – Berlucchi – Bialetti – Bigi – Borgo Molino – Bortolo Nardini – Bottega – Braida – Bresca Dorada – Bulgarini – Cà Bianca – Cà dei Frati – Ca´del Bosco – Ca' Donini – Caffo – Cantina della Vernaccia – Cantina di Montalcino – Cantina di Soave – Cantina Miglianico – Cantina Valdadige – Cantine Europa – Carlo Pellegrino – Carpineto – Casa Bianche – Casa Rinaldi – Castello Banfi – Castello di Magione – Castello Monaci – Castello Romitorio – Ceci – Ciemme Liquori – Conti d'Arco – Conti Formentini – Conti Zecca – Contri – Corte Figaretto – De Cecco – Di Majo Norante – Donnafugata – Enovite – Enzo Boglietti – Falesco – Ferrari – Ferrocinto – Feudi di San Gregorio – Feudi di San Marzano – Fontana Candida – Frazzitta – Garofoli – Gigi Rosso – Girlan – Göschle - Die Trüffelmanufaktur – Granoro – Jacopo Biondi Santi – Jermann – Kettmeir – Kurtatsch – La Tunella – Le Manzane – Lenotti – Leone de Castris – Librandi – Livio Felluga – Lungarotti – Marchesi dè Frescobaldi – Marchi Vanda – Mario Fongo – Marzadro – Masi – Melini – Michele Chiarlo – Midolini – Monchiero Carbone – Montanini – Morelli – Nals Magreid – Nino Negri – Nonino Distillatori – Nord Salse – Paolo Rodaro – Pasini – Pio Cesare – Planeta – Produttori Vini Manduria Sca – Provenza – Rocca Bernarda – Sacchetto – San Donaci – San Patrignano – Sanpaolo – Santa Margherita – Santa Maria La Palma – Santa Sofia – Santi – Sella & Mosca – Spadaio e Piecorto – Spin & Gin – St. Michael-Eppan – Tasca d`Almerita – Tenimenti Angelini – Tenuta Caparzo – Tenuta dellŽOrnellaia – Tenuta Friggiali – Tenuta Rapitalà – Tenuta Sant Antonio – Terlan – Terre Cortesi Moncaro – Terre degli Svevi – Terre del Barolo – Terre di Maria Pia – Terre Nardin – Teruzzi & Puthod – Tiefenbrunner – Torrevento – Tosti – Tre Mani – Umani Ronchi – Valdo – Valerio Zenato – Varvaglione 1921 – Venica & Venica – Vergnano 1882 – Vie di Romans – Villa Olmi – Visconti – Viticoltori Ponte – Volpe Pasini – Zabu – Zenato – ZENI – Zott – Zuccato Weißweine – Regionen Abruzzen – Apulien – Basilikata – Emilia-Romagna – Friaul – Kalabrien – Latium – Lombardei – Marken – Piemont – Sardinien – Sizilien – Toskana – Trentino/Südtirol – Umbrien – Venetien Rotweine – Regionen Abruzzen – Apulien – Basilikata – Emilia-Romagna – Friaul – Kalabrien – Kampanien – Lombardei – Marken – Molise – Piemont – Sardinien – Sizilien – Toskana – Trentino/Südtirol – Umbrien – Venetien eKomi Kundenbewertungen Bestellhotline Warenkorb Sie haben noch keine Artikel in Ihrem Warenkorb. Merkzettel Bitte loggen Sie sich ein, um den Merkzettel zu nutzen. Willkommen zurück! eMail-Adresse: Passwort: Passwort vergessen? Bestseller 01. CONTRI Terre del Sole Fragolino Rosso Ab 3,25 EUR 02. LENOTTI Colle dei Tigli Veneto Bianco IGT 2016 Ab 4,80 EUR 03. LENOTTI Rosso Passo Veneto IGT 2016 Ab 5,50 EUR 04. TENUTA SANT ANTONIO Scaia Bianca Veneto IGT 2016 Ab 7,90 EUR 05. CASTELLO MONACI Piluna Primitivo Salento IGT 2016 Ab 6,90 EUR Newsletter Facebook Google+ Twitter Bewertungen ein leckerer vollmundiger Wein. mögen wir sehr gerne, am lie .. eCommerce Engine © 2006 xt:Commerce ShopsoftwareItalienische Weine - Weinhandel - Vino. "
185,wachtel-shop.com," Wachtel Shop mit bester Auswahl | wachtel-shop.com Sicheres Einkaufen durch SSL Versandkostenfrei ab 79€ ** info@wachtel-shop.com Hotline: 07134 - 91 74 410 Whatsapp: 0176 - 98 96 98 91 Whatsapp: 0176 - 98 96 98 91 Wachtel-Shop.com Es befinden sich keine Artikel im Warenkorb Gesamtsumme: 0,00 € Noch 79,00 € und wir versenden kostenfrei Zum Warenkorb Anmelden Passwort vergessen Neu hier? Jetzt registrieren Info & Service Info: Wachteln allgemein Wachtelaufzucht Wachteln ausbrüten Wachtelfutter und -tränken Wachtelhaltung Service: Kontakt Widerruf Rücksendungen Versand Zahlung Hotline: +49 7134 - 91 74 410 Mo. - Fr. 8-12 Uhr & 13-17 Uhr Newsletter abonnieren (Abmeldung jederzeit möglich) Angebote Brut & Aufzucht Brut & Aufzucht Wachtelbruteier Aufzuchtzubehör Rcom Brutgeräte Bruja Brutgeräte Brinsea Brutgeräte Zubehör Wachtelfutter & Snacks Wachtelfutter & Snacks Premium Line Nature Line Treats & Snacks Futterergänzung Würmer & Kokzidien Wachtel Tee Zubehör Zubehör Automatik Tränken Wachteltränken Futterautomaten Bio Wachteltränken Bio Futterautomaten Futtertröge Transport Überwinterung Sonstiges Bücher Eierschachteln Eierschachteln Farbige Eierschachteln Eierschachteln aus Pappe Eierschachteln aus Kunststoff Eierschachtel Etiketten Auszeichner & Zubehör Fridge Cups Küche & Zuhause Küche & Zuhause Fashion Weihnachten Fridge Cups Wachteleierscheren Wachteleierbecher Wachteleier Utensilien Wachtelkalender Lifestyle Wachtel-Schilder Tassen Milben & Hygiene Milben & Hygiene Milbenabwehr Hygiene Stall & Einstreu Stall & Einstreu Ställe Wachteleinstreu Freilaufgehege Einrichtung Wachtelhäuser Zwergwachteln Angebote Brut & Aufzucht Wachtelbruteier Aufzuchtzubehör Rcom Brutgeräte Bruja Brutgeräte Brinsea Brutgeräte Zubehör Wachtelfutter & Snacks Premium Line Nature Line Treats & Snacks Futterergänzung Würmer & Kokzidien Wachtel Tee Zubehör Automatik Tränken Wachteltränken Futterautomaten Bio Wachteltränken Bio Futterautomaten Futtertröge Transport Überwinterung Sonstiges Bücher Eierschachteln Farbige Eierschachteln Eierschachteln aus Pappe Eierschachteln aus Kunststoff Eierschachtel Etiketten Auszeichner & Zubehör Fridge Cups Küche & Zuhause Fashion Weihnachten Fridge Cups Wachteleierscheren Wachteleierbecher Wachteleier Utensilien Wachtelkalender Lifestyle Wachtel-Schilder Tassen Milben & Hygiene Milbenabwehr Hygiene Stall & Einstreu Ställe Wachteleinstreu Freilaufgehege Einrichtung Wachtelhäuser Zwergwachteln ZurückWeiter Wachtel-Shop Themenwelten Wachteleierschachteln Futter für vitale Wachteln Passendes Einstreu Damit gelingt Ihre Brut Für die Küche Wachtel Tee für Ihre Lieblinge Willkommen in unserem Wachtel-Shop Tipps und Infos für Wachtelbesitzer Hier finden Sie alle wichtigen Informationen zu Wachtelhaltung, Fütterung, Brut, Aufzucht & mehr Zu den Tipps für Wachtelfans Das sagen unsere Kunden über uns ""Der Kunde ist König"". Mehr als 4.200 positive Bewertungen bestätigen dies. Sind Sie zufrieden - sind wir zufrieden. Kundenmeinungen lesen Verpassen Sie keine Neuigkeiten Mit dem Wachtel-Shop Newsletter sind Sie immer bestens über Neuigkeiten, Aktionen und Angebote informiert. Zur Newsletter Anmeldung Wir sind immer für Sie erreichbar Haben Sie Fragen oder wollen etwas bestellen? Rufen Sie uns an oder schreiben uns per WhatsApp Rufnummern anzeigen Entdecken Sie unseren Wachtel-Shop online Sie sind engagierter Wachtelhalter oder ein genereller Liebhaber von einzigartigem Ziergeflügel? In unserem Wachtel Shop erhalten Sie alles, was für eine erfolgreiche Zucht und eine artgerechte Haltung Ihrer Tiere notwendig ist. Entdecken Sie die breite Vielfalt unseres Angebots und profitieren Sie von unserer Erfahrung. Kunden aus über 16 Ländern sind bereits von Deutschlands größtem Wachtel Shop überzeugt und auch auf Sie warten zahlreiche Angebote und Vorteile. mehr Infos Wachtel-Blog Endlich Wachtel-Weihnachtszeit! Endlich ist es so weit: Spätestens jetzt, nachdem der erste Schnee gelegen hat, ist die Weihnachtsstimmung bei so gut wie jedem angekommen. Was macht die Weihnachtszeit für Sie besonders? Für uns sind es die besinnlichen Stunden mit unseren Liebsten, Weihnachtsmusik, Spieleabende vor dem Kamin, dicke Bommelmützen beim Spazierengehen und natürlich der Duft von frisch gebackenen Plätzchen... Und für letztere haben wir uns etwas ganz besonderes überlegt: Wachteleier-Weihnachtsplätzchen! mehr ... Schmücken Sie sich mit neuen Federn! Ihre Wachteln haben die Mauser geschafft? Prima, dann sind Sie jetzt dran :) Mit unseren neuen Shirts und Hoodies schmücken auch Sie sich jetzt mit neuen Federn: mit lustigen, frechen, niedlichen und schönen Motiven und Sprüchen. Und da wir immer noch vor Ideen übersprudeln, lohnt es sich öfter vorbei zu schauen. Denn es werden zeitnah noch weitere Exemplare hinzukommen...mehr ... Unsere Bestseller Previous 6er Wachteleierschachtel Pappe 0,22 € * 18er Wachteleierschachtel Pappe - Weiß 0,24 € * 12er Wachteleierschachtel PET 0,19 € * 12er Wachteleierschachtel Pappe - Weiß 0,23 € * Klaus Gritstein 1,95 € * 1,95 € pro 1 kgkg Legewachtel Ringe 0,12 € * Next Alles für die optimale Versorgung Ihrer Wachtel im Shop – Futter & Co. Auf der Suche nach dem passenden Wachtelfutter & Snacks, effizientem Brut/Aufzucht Zubehör oder informativen Büchern über Ihre Lieblinge werden Sie bei uns garantiert fündig. Eine gesunde Wachtelzucht beginnt bei einer umfassenden Vorbereitung und der Anschaffung von Stall & Einstreu für Ihre Wachtelküken und endet bei Equipment wie Eierschachteln, Futterergänzung und vielseitigen Utensilien für die Küche. Besonders in der Kategorie Wachtelfutter & Snacks legen wir Wert auf Qualität und haben für Sie das größte Sortiment in ganz Deutschland zusammengestellt: Unsere Premium Line Produkte garantieren Ihnen beste Zutaten, speziell auf Ihre Wachteln abgestimmt. Dazu zählen: Legekörner, Legemehle, Aufzuchtfutter & Spezialmischungen. Unsere Nature Line Produkte werden komplett ohne die Verwendung von Gentechnik hergestellt und ermöglichen Ihren Wachteln eine gesunde und bewusste Futterversorgung. Unsere Snack Line Artikel versprechen Abwechslung im Futter und schaffen dabei die Grundlage einer ausgewogenen & abgerundeten Nährstoffzufuhr. Unsere Wachtel Vital Artikel dienen der Nahrungsergänzung und sind vollständig darauf ausgelegt die Gesundheit und Vitalität Ihrer Tiere zu fördern. Dazu zählen: Vitamine und Mineralien, Wurmkuren; Wachtelteesorten und eine große Auswahl an Zusatzfutter. Egal für welche Artikel Sie sich entscheiden, Ihre Wachteln werden Sie bestimmt mit vielen frischen Eiern belohnen. Wachtelhaltung ohne Grenzen – Zubehör aus unserem Wachtel Shop Die Haltungsmöglichkeiten Ihrer Wachteln, Hühner und anderer Ziergeflügelarten kennen keine Grenzen. Auch für das notwendige Zubehör in der Brut/Aufzucht, für den Transport oder die Überwinterung ist in unserem Wachtel Shop gesorgt. Bei uns finden Sie: Automatik Tränken und Wachteltränken Futterautomaten und Futtertröge Verpackungen für Wachteleier und Eierschachtel Etiketten Transportboxen und Wärmelampen für den Winter Fachliteratur und Gastronomieutensilien Zusätzlich erhalten Sie Informationen und Produkte für Garten, Balkon und Co., um Ställe oder Freiläufe für Ihre Wachteln optimal auszustatten. Damit Ihre Wachteln gesund bleiben und vor Schädlingen geschützt sind, bieten wir Ihnen in unserer Milben & Hygiene Abteilung adäquate Produkte zum Schutz der Vögel und der Sauberkeit an. Top Bewertungen für unseren Wachtel Shop Überzeugen Sie sich selbst und profitieren Sie von den mehr als 5000 Kundenrezessionen unserer Webseite. Sie sind sich noch unsicher über bestimmte Futter-Inhaltsstoffe oder haben Fragen bezüglich optimaler Bedingungen für Ihre Wachtelzucht? Kontaktieren Sie uns über unsere Kundenhotline oder schreiben Sie uns völlig unkompliziert eine Nachricht über WhatsApp. Wenn Sie Ihre Favoriten ausgewählt haben, garantieren wir Ihnen eine sichere Kaufabwicklung mit schnellem, europaweitem Versand. Bestellen Sie noch heute und überzeugen Sie sich selbst vom größten Online Wachtel Shop Deutschlands – Wir freuen uns auf Sie. Newsletter abonnieren Email-Adresse abonnieren Abmeldung jederzeit möglich Newsletter abonnieren Email-Adresse abonnieren Abmeldung jederzeit möglich Kundenstimmen Kundenservice Wir sind für Sie erreichbar: Mo - Fr. 9:00 - 18:00 Uhr 07134 - 91 74 410 0176 - 98 96 98 91 Informationen Über Wachtel-Shop.com Zahlungsmöglichkeiten Ratenzahlung Versandinformationen Newsletter News Gesetzliche Informationen AGB Impressum Datenschutz Widerrufsrecht Batteriegesetzhinweise * Alle Preise inkl. gesetzlicher USt., zzgl. Versand © Wachtel-Shop.com Powered by JTL-Shop *Alle Preise inkl. gesetzlicher USt., zzgl. Versand ** Für Lieferungen innerhalb von Deutschland. Auslandversand siehe Versand "
186,web4a.de," Parallels Confixx © 2009 Parallels GmbH Login Administration Geben Sie Ihren Benutzernamen und Ihr Passwort ein und klicken Sie auf ""Einloggen"". Benutzername zB: web123 Passwort: Einloggen Haben Sie Ihr Passwort vergessen? Wenn Sie Ihr Passwort vergessen haben, wird Confixx versuchen Ihnen zu helfen, indem es Ihnen ein neues Passwort per Email zuschickt. Passwort holen Login WebMail Benutzername zB: web1p6: Passwort: "
187,webbuilder-stuff.de," Webbuilder-Stuff, Templates, Extension, WWB, Webdesign IHR WARENKORB0 Artikel0.00 EUR ☰ HauptmenüStartseiteUnsere ArtikelProduktkatalog druckenSimpelWebshopSimpelWebshop für WWB (1)SimpelWebshop Standalone (1)SimpelWebshop ModuleShop Module für Webbuilder (13)Shop Module für Standalone (13)Shop Service (2)Webhosting (3)WWB ExtensionFree Extension für den WWB (20)Pay Extension für den WWB (26)WWB TemplatesFree Templates für den WWB (0)Pay Templates für den WWB (6)GutscheinKundenlogin als Neukunde registrieren KundenloginWarenkorbHinweise Kontakt ImpressumAGBLieferung und Leistung VersandkostenWiderrufsbelehrungDatenschutzbestimmungenNewsHomepage Cookies erleichtern die Benutzung unseres Webshops. Mit der Nutzung unseres Shops erklären Sie sich hiermit einverstanden!Datenschutzbestimmungen OK Herzlich willkommen im Shopsystem von Webbuilder-Stuff! Gestalten Sie Ihre Webseiten noch professionellermit Extensionen, Templates und Grafikenvon Webbuilder-Stuff!Sie benötigen eine Extension, ein einzigartiges Templateoder eine atemberaubende Grafik?Kein Problem,wir machen das für Sie zu festen und fairen Preisen! Wichtiger Hinweis: Auf Grund der Umsatzsteuer-Regelungen für elektronische Leistungen ab 2015, bieten wir zur Zeit unsere Produkte nur Kunden an, die in Deutschland ihren Wohnsitz oder gewöhnlichen Aufenthalt haben! Unsere TOP-Artikel Preis: 55.00 EURDownloadShop-Modul Stand-AlonePreis: 2.50 EURSTS LastmodifiedPreis: 52.00 EURGutschein-Modul für WWBPreis: 15.00 EURKatalog-Modul für WWBkostenloser DownloadSimpelWebshop Ver. 5.9.6Preis: 65.00 EURUpdateservice Ihres SimpelWebshopsPreis: 24.95 EURSTS OMS-System❮❯ Unsere neuen Artikel ❮❯ UNSER SERVICE Lieferung und Leistung VersandkostenKundenlogin KONTAKT Kontaktformular Telefon: +49 (2741) 93 11 30 Telefax: +49 (2741) 93 11 31 RECHTLICHE HINWEISE ImpressumAGBWiderrufsbelehrungDatenschutzbestimmungen SICHER EINKAUFEN MIT SimpelWebShop © 2013 - 2017 by STS SoftwareVer.5.9.4 All Rights Reserved "
188,webhoster.de, Webspace der webhoster.de Aktiengesellschaft Webhosting Web Presence Builder Dedicated Server v-Server Domains Suchmaschinen Aktuelles Die Gesellschaft Karriere Startseite Startseite Webhosting Web Presence Builder Dedicated Server v-Server Domains Suchmaschinen Aktuelles Die Gesellschaft Karriere Formulare Handbücher Sitemap Links Kontakt Impressum Forum Webspace der webhoster.de Aktiengesellschaft Willkommen bei webhoster.de Webhosting WebHosting vom Profi zu einem bezahlbaren Preis. Bei uns erhalten Sie den geeigneten WebHosting-Tarif für Ihre Homepage oder Ihre Business-Website. Immer genau auf die Bedürfnisse angepasst und n... Web Presence Builder Erstellen Sie Ihre eigene Homepage mit wenigen Klicks. Dedicated Server Root-Server Wir bieten Ihrem Unternehmen die neuesten Servertechnologien zu einem bezahlbaren Preis. Seit 1996 sammeln wir Erfahrungen im Bereich Dedicated Servers und sind technisch immer auf de... Anleitungen und Webhosting Tipps finden Sie im neuen News Portal unter webhosting.de oder im Forum. 1 2 3 » Live Office Webcam 
189,webtropia.com," Dedicated Server, vServer und Webserver mieten — webtropia.com This website uses cookies to ensure you get the best experience on our website. Learn moreGot it! Herzlich willkommen bei Hotline 0211 / 545 957 - 330 Toggle navigation Dedicated Servernewwebtropia.comÜbersichtÜberschriftBroadwell Xeon Server39,99 €Ryzen Pro Servernew49,99 €Kaby Lake Server59,99 € Dedicated Server vergleichenBusiness ServerSoftwareAdmin-PanelFeaturesÜberschriftHardware-ErweiterungenNetzwerkAnbindungRoot Serverwebtropia.comÜbersichtÜberschriftRoot Server S 2.0new19,99 €Root Server M 2.029,99 €Root Server L 2.039,99 €Root Server XL 2.049,99 € Root-Server VergleichSoftwareAdmin-PanelFeaturesAnbindungvServerwebtropia.comWindowsÜberschriftvServer Windows S 6.09,99 €vServer Windows M 6.014,99 €vServer Windows L 6.019,99 €vServer Windows XL 6.024,99 € vServer Windows VergleichLinuxÜberschriftvServer Linux S 6.04,99 €vServer Linux M 6.09,99 €vServer Linux L 6.014,99 €vServer Linux XL 6.019,99 € vServer Linux VergleichSoftwareAdmin PanelFeaturesÜberschriftCloud FunktionenAnbindungCloud Hostingnewwebtropia.comOffice 365newÜberschriftEssentialsab 5,49 €Businessab 9,99 €Business Premiumab 12,99 €Cloud StorageÜberschriftCloud Storage SkostenlosCloud Storage M4,99 €Cloud Storage L14,99 €Cloud Storage XL24,99 €Cloud Backup WorkstationÜberschriftBackup Workstation S9,99 €Backup Workstation M16,99 €Backup Workstation L19,99 €Cloud Backup ServerÜberschriftBackup Server XS4,99 €Backup Server S9,99 €Backup Server M19,99 €Backup Server L29,99 €Backup Server XL49,99 €Backup Server XXL79,99 €Technikwebtropia.comRechenzentrumÜberschriftAnbindungDDoS-ProtectionRoot Server mit SSDDomains und SSLZKMReseller werdenwebtropia.comDedicated Server verkaufenRechenzentrumAnbindung & NetzwerkDomains & SSL UnternehmenBlog webtropia StatusKundenerfahrungenSupportKunde wirbt KundeZahlungsmethodenImpressumDatenschutzKontaktAGBKarriere Languages / Sprachen Deutsch English Polski Türkçe Nederlands Italiano Русский € - Euro$ - Dollar£ - Pound₽ - rublezł - Złoty Wir haben festgestellt das Sie einen deutschen Browser verwenden. Möchten Sie diese Website in Ihrer Sprache sehen? Jetzt wechseln! We have detected that you are using an English browser. Would you like to see this page in your language? Change now! Toggle navigation backDedicated ServerDedicated ServerbackÜbersichtÜbersichtbackDevils Canyon ServerBroadwell Xeon ServerRyzen Pro ServerKaby Lake ServerKaby Lake Festplatten-Typ wählen Dedicated Server vergleichenBusiness ServerSoftwareAdmin-PanelFeaturesFeaturesbackHardware-ErweiterungenNetzwerkAnbindungRoot ServerRoot ServerbackÜbersichtÜbersichtbackRoot Server S 2.0Root Server S Betriebssystem wählenRoot Server M 2.0Root Server M Betriebssystem wählenRoot Server L 2.0Root Server L Betriebssystem wählenRoot Server XL 2.0Root Server XL Betriebssystem wählen Root-Server VergleichSoftwareAdmin-PanelFeaturesAnbindungvServervServerbackWindowsWindowsbackvServer Windows S 6.0vServer Windows M 6.0vServer Windows L 6.0vServer Windows XL 6.0 vServer Windows VergleichLinuxLinuxbackvServer Linux S 6.0vServer Linux M 6.0vServer Linux L 6.0vServer Linux XL 6.0 vServer Linux VergleichSoftwareAdmin PanelFeaturesFeaturesbackCloud FunktionenAnbindungCloud HostingCloud HostingbackOffice 365Office 365backEssentialsBusinessBusiness PremiumCloud StorageCloud StoragebackCloud Storage SCloud Storage MCloud Storage LCloud Storage XLCloud Backup WorkstationCloud Backup WorkstationbackBackup Workstation SBackup Workstation MBackup Workstation LCloud Backup ServerCloud Backup ServerbackBackup Server XSBackup Server SBackup Server MBackup Server LBackup Server XLBackup Server XXLTechnikTechnikbackRechenzentrumRechenzentrumbackAnbindungDDoS-ProtectionRoot Server mit SSDDomains und SSLZKMReseller werdenReseller werdenbackDedicated Server verkaufenRechenzentrumAnbindung & NetzwerkDomains & SSLInfoInfobackUnternehmenBlog webtropia StatusKundenerfahrungenKundenmeinungenSupportKunde wirbt KundeZahlungsmethodenImpressumDatenschutzKontaktAGBAGBbackAGBKarriere AMD Ryzen Pro 1700x 8 x 3,7 GHz 32 GB DDR4 RAM 2 x 120 GB SSD oder 2 x 1.000 GB SATA 49,99 € PRO MONAT JETZT BESTELLEN SlideSlide Performance 1 CPU vCores 2 GB RAM garantito 75 GB Spazio SSD-Boost Traffic Flatrate 1 IP-indirizzo incl. Performance 1 CPU vCores 2 GB RAM garantito 150 GB SATA Spazio Traffic Flatrate 1 IP-Indirizzo incl. Performance 1 CPU vCores2 GB RAM garantito75 GB SSD SpazioTraffic Flatrate1 IP-Indirizzo incl. Performance 2 CPU vCores 4 GB RAM garantito 150 GB Spazio SSD-Boost Traffic Flatrate 1 IP-Indirizzo incl. Performance 2 CPU vCores 4 GB RAM garantito 300 GB SATA Spazio Traffic Flatrate 1 IP-Indirizzo incl. Performance 2 CPU vCores4 GB RAM garantito150 GB SSD SpazioTraffic Flatrate1 IP-Indirizzo incl. Performance 4 CPU vCores 8 GB RAM garantito 250 GB Spazio SSD-Boost Traffic Flatrate 1 IP-Indirizzo incl. Performance 4 CPU vCores 8 GB RAM garantito 500 GB SATA SpazioTraffic Flatrate 1 IP-Indirizzo incl. Performance 4 CPU vCores8 GB RAM garantito250 GB SSD SpazioTraffic Flatrate1 IP-Indirizzo incl. Performance 8 CPU vCores 16 GB RAM garantito 500 GB Spazio SSD-Boost Traffic Flatrate 1 IP-Indirizzo incl. Performance 8 CPU vCores 16 GB RAM garantito 1.000 GB SATA Spazio Traffic Flatrate 1 IP-Adresse incl. Performance 8 CPU vCores16 GB RAM garantito500 GB SATA SpazioTraffic Flatrate1 IP-Adresse incl. vSERVER S 6.0 1 vCores 2 GB RAM Windows / Linux 500 MBit Flat Keine Setup-Gebühr Monatliche Laufzeit 4,99 € monatlich MEHR ERFAHREN KABY LAKE SERVER Intel i7-7700k CPU 4 x 4,2 GHz inkl. HT 32 GB DDR4 RAM 1.000 MBit Flat Keine Setup-Gebühr Monatliche Laufzeit 59,99 € monatlich MEHR ERFAHREN ROOT SERVER S 2.0 2 vCores 1 x SATA oder SSD 8 GB RAM 1.000 MBit Flat Keine Setup-Gebühr Monatliche Laufzeit 19,99 € monatlich MEHR ERFAHREN Dedicated Server zum Mieten und zu Discountpreisen bei servdiscount.com verfügbar! Cloud Hosting & Server Hosting Produkte für Ihr Business finden Sie ab sofort auf myloc.de vServer, Root Server und Dedicated Server von webtropia.com Mit unseren vServer Produkten bieten wir sowohl im Bereich der Linux vServer als auch der Windows vServer eine perfekte Lösung für das Hosting mit vollständigen Root- und Administrator-Rechten. Sie erhalten einen virtuellen Server, welchen Sie komplett selbst verwalten und administrieren können. Auf Wunsch erhalten Sie das kostenlose Admin-Panel Plesk zu Ihrem vServer vorinstalliert. Durch die kostentransparente Cloud Funktionen können Sie jederzeit auf tages- oder monatsgenauer Abrechnung die Leistung Ihrer vServer erhöhen oder reduzieren. Die genauen Informationen über die vServer Cloud-Funktion und die Kosten erhalten Sie bei dem jeweiligen Linux oder Windows vServer Produkt. Mit den dedicated Server Produkten können Sie bei webtropia.com für jeden Bedarf den passenden dedicated Server mieten. Bei allen unseren dedicated Server Produkten setzen wir auf qualitativ hochwertige Hardware, unsere eigene Rechenzentrums-Infrastruktur und dem herausragenden Kundenservice der Ihnen 24/7 zur Verfügung steht. Die Root Server Produkte schließen die Lücken zwischen einem virtuellen und einem dedizierten Server nahtlos. Bei den sogenannten Root-Servern handelt es sich um einen Server, auf welchem der Kunde vollständige Root oder Administrator-Rechte erhält. Dadurch erhalten Sie garantierte Ressourcen im Bereich des Arbeitsspeichers und der CPU-Cores und zusätzlich eigene dedizierte Festplatten. Der Kunde erhält die volle I/O Performance der SATA oder SSD-Festplatten, da diese nicht mit anderen Kunden geteilt werden muss. Darüber hinaus ist bereits ein Hardware-Raid mit verschiedenen Raid Level (0, 1, 5 oder 10) im Preis enthalten. Durch die Kombination aus einem virtuellen- und dedizierten Server erhalten wir eine perfekte Mischung aus hervorragender Performance und einem optimalen Preispunkt. Jetzt Server mit Paypal bezahlen, welches eines der beliebtesten Zahlungsmöglichkeiten für Ihren gemieteten Server ist. Sobald Sie ein PayPal-Konto haben, bezahlen Sie nur noch mit Ihrer E-Mail-Adresse und Ihrem Passwort. Bei der Anmeldung bei Paypal hinterlegen Sie einmalig Bankdaten oder Kreditkarte, ab dann bezahlen Sie online oder mobil nur noch mit E-Mail-Adresse und Passwort – ruckzuck ist alles erledigt. Paysafecard ist Europas beliebtester und bewährtester Prepaid-Zahlungsanbieter, sodass Sie Ihren Server bequem im Voraus zahlen können. Paysafecard ermöglicht Ihnen das Online-Bezahlen ohne Bankkonto oder Kreditkarte und ist einfach, sicher sowie schnell auf allen bekannten Seiten aus den Bereichen Games, Social Media & Communities, Musik, Film & Entertainment und vielen anderen Sparten erhältlich. Paysafecards können weltweit in 480.000 Verkaufsstellen gekauft werden. Mit der SOFORT Überweisung geht das online Bezahlen Ihres Servers einfach wie nie! Sie nutzen dabei ganz bequem Ihre vertrauten Online-Banking Daten und sind so auf der sicheren Seite. Dank der Transaktionsbestätigung kann Ihre Bestellung sofort versandt werden. Freuen Sie sich mit SOFORT Überweisung auf eine prompte Bereitstellung Ihres Servers! Einfacher kann man nicht bezahlen! In Übereinstimmung mit der Richtlinie 2006/112/EG in der geänderten Fassung können die Preise ab 1.1.2015 je nach Wohnsitzland des Kunden variieren (die Preise in den Angeboten sind Preise inklusive Mehrwertsteuer für die Bundesrepublik Deutschland). Sollte Ihr Wohnsitz nicht in Deutschland liegen, verstehen sich die Preise netto. Partner Anschrift +49 (0) 211 - 545 957 - 330Am Gatherhof 4440472 Düsseldorfinfo@webtropia.com Dedicated ServerÜbersichtBusiness ServerSoftwareAdmin-PanelFeaturesAnbindungRoot ServerÜbersichtSoftwareAdmin-PanelFeaturesAnbindungvServerWindowsLinuxSoftwareAdmin PanelFeaturesAnbindungCloud HostingOffice 365Cloud StorageCloud Backup WorkstationCloud Backup ServerTechnikRechenzentrumRoot Server mit SSDDomains und SSLZKMInfoUnternehmenBlog webtropia StatusKundenerfahrungenKundenmeinungenSupportKunde wirbt KundeZahlungsmethodenImpressumDatenschutzKontaktAGBKarriere Selezionate il tipo desiderato di sistema operativo: Linux Windows Selezionate il tipo desiderato di virtualizzazione: Container VM Selezionate il tipo desiderato di disco fisso: SATA SSD Aggiungi al carrelloabortire"
190,wellnesshotel24.de," Wellness Arrangements & Wellnessurlaub Angebote buchen - wellnesshotel24.de wellnesshotel24 Startseite | Kontakt | Über wellnesshotel24.de | Angebotsnr.-Suche Wellnesshotels & Wellnessurlaub buchen Wellnessreisen & Kurzurlaub Angebote zum Entspannen und Wohlfühlen 1. Wohin? Ihr Reiseziel Land: Auswählen Bundesland: - oder Region: - Land auswählen Deutschland Italien Luxemburg Österreich Polen Schweiz Tschechien Suche weiter verfeinern? nach Bundesland nach Region Bundesland auswählen Keine Bundesländer hinterlegt. Bitte nach Region weiter filtern. Regionen wählen Region auswählen Keine Regionen hinterlegt. Bitte nach Bundesland weiter filtern. Bundesländer wählen 2. Wann? Gewünschter Reisezeitraum Früheste Anreise: Späteste Abreise: gewünschte(r) Anreisetag(e): Beliebig Montag Dienstag Mittwoch Donnerstag Freitag Samstag Sonntag Alle X zurück 3. Preis? Gewünschter Preis Umkreissuche Ab 300 € 300 € Wellness Special - 3 Nächte 4 Tage Wellness-Kurzurlaub in Rheinland-Pfalz mit Halbpension und Massage zum Schnäppchenpreis zum Angebot Ausgewählte Wellness Angebote ab 300 € Lütte Auttied Nehmen Sie sich Zeit, um wieder zu sich selbst zu finden. Nutzen Sie diesen 4 Tage Wellness-Kurzurlaub an der Mecklenburgischen Seenplatte zum Lesen, Denken und Träumen. Lassen Sie sich von unerwarteten Genüssen überraschen. Leizen, Mecklenburg-Vorpommern, Deutschland Leizen, Mecklenburg-Vorpommern, Deutschland zum Angebot ab 189 € Lady Days Nehmen Sie sich mit Ihrer Freundin einmal Zeit nur für sich selbst und lassen Sie sich rundum verwöhnen. Mit diesem Arrangement in Brandenburg wird's möglich. Eine Wohlfühl-Anwendung nach Wahl verleiht Ihnen neue Energie für die Rückkehr in den Alltag. Strausberg, Brandenburg, Deutschland Strausberg, Brandenburg, Deutschland zum Angebot ab 165 € 135 € Last-Minute-Erholungswochenende Genießen Sie ein Wochenende im schönen Bergischen Land und freuen sich auf Entspannung pur. Gönnen Sie sich diese Auszeit, um abzuschalten und es sich fernab vom Alltag rundum gutgehen zu lassen. Buchbar von November-Februar zum Last-Minute-Sonderpreis. Much, Nordrhein-Westfalen, Deutschland Much, Nordrhein-Westfalen, Deutschland zum Angebot Ausgewählte Bundesländer DeutschlandBaden-Württemberg ab 66 €Bayern ab 45 €Berlin ab 99 €Brandenburg ab 40 €Hessen ab 50 €Mecklenburg-Vorpommern ab 69 €Niedersachsen ab 50 €Nordrhein-Westfalen ab 59 €Rheinland-Pfalz ab 73 €Saarland ab 95 €Sachsen ab 109 €Sachsen-Anhalt ab 99 €Schleswig-Holstein ab 98 €Thüringen ab 60 €ItalienComo ab 265 €Pesaro und Urbino ab 80 €Trentino-Südtirol ab 198 €LuxemburgRemich ab 139 €ÖsterreichKärnten ab 239 €Oberösterreich ab 79 €Salzburg ab 75 €Steiermark ab 121 €Tirol ab 119 €Vorarlberg ab 952 €PolenNiederschlesien ab 148 €Pommern ab 300 €Westpommern ab 88 €SchweizTessin ab 908 €Thurgau ab 210 €TschechienKarlsbad ab 100 €Königgrätz ab 109 €Pilsen ab 77 € Last-Minute-Angebote Premium All Inklusive - Kuschelurlaub für Zwei Lassen Sie im thüringer Wellnessresort beim entspannten Nichtstun die Seele baumeln zum Angebot 179,95 € 149,95 € Winterwellness Erleben Sie kuschelige Wärme statt Winterkälte im Wellnesshotel in Niedersachsen zum Angebot 176 € 149 € Jakobsberg Special - 2 Nächte Legen bei dieser kleinen Wellness-Auszeit im Mittelrheintal Sie die Füße hoch zum Angebot 209 € 179 € Wintertraum: 5 = 4 Bei diesem winterlichen Wellnessurlaub im Harz bekommen Sie eine Nacht geschenkt! zum Angebot 334 € 236 € Jakobsberg Special - 3 Nächte Der Klassiker für einen entspannten Wellness-Kurzurlaub im Mittelrheintal zum Angebot 309 € 264 € Kuschelarrangement Raus aus dem Alltag und prickelnde Momente zu Zweit genießen zum Angebot 155 € 142,50 € Ladies Week Diese günstige Mädels-Woche im Luxushotel in Niedersachsen verspricht Wellness pur zum Angebot 575 € 431 € Soforthilfe bei Cellulite und Fettpölsterchen Lassen Sie überschüssige Pfunde und unschöne Dellen einfach wegschmelzen zum Angebot 199 € 175 € Last-Minute-Erholungswochenende 2 Nächte Verbringen Sie ein Wellness Wochenende in Nordrhein-Westfalen zum Last-Minute-Preis zum Angebot 165 € 135 € Kleine Auszeit im Winter Erleben Sie diese kleine winterliche Pause im 4-Sterne-Wellnesshotel in Niederbayern zum Angebot 219 € 199 € November, Dezember und Januar Special Gönnen Sie sich dieses entspannende Wellness-Schnäppchen in Rheinland-Pfalz zum Angebot 114,50 € 79 € Last-Minute Lüneburger Heide Clever gebucht und rundum entspannt im 4-Sterne-Wellnesshotel in Niedersachsen zum Angebot 179 € 129 € Beliebte Wellnessregionen Achensee Ahrtal Allgäu Alpen Arnsberger Wald Barnim Bayerischer Wald Bergisches Land Binger Wald Bodensee Breisgau Brixental Chiemgau Dolomiten Donau-Wald Ebbegebirge Eggegebirge Eifel Elbsandsteingebirge Erzgebirge Franken Friesland Halbinsel Schwansen Harz Holsteinische Schweiz Hunsrück Innsbruck Land Insel Rügen Insel Usedom Jeverland Kaiserwald Karwendelgebirge Kellerwald Lausitz Lüneburger Heide Mainhardter Wald Märkische Schweiz Mecklenburgische Seenplatte Meraner Land Mittelrheintal Mosel Münsterland Murgtal Naturpark Lauenburgische Seen Niederbayern Niederrhein Nordsee Oberbayern Oberpfalz Ostbayern Ostfriesland Ostsee Passauer Land Pfälzer Bergland Pinzgau Plauer See Plöner See Prignitz Ravensberger Mulde Renchtal Rennsteig Rheingau Rheinland Rhön Rostocker Heide Rothaargebirge Rottal Ruhrgebiet Sächsische Schweiz Salzburger Land Sauerland Schwaben Schwäbisch-Fränkischer Wald Schwarzwald Soonwald Spessart Spreewald Taubertal Taunus Teutoburger Wald Thüringer Wald Uckermark Upland Vogelsberg Waldecker Land Weserbergland Zillertal wellnesshotel24.de - schön gebuchtEinfach mal aussteigen und sich verwöhnen lassen. Die Wellnesshotels laden zu einem erholsamen Kurzurlaub ein, bieten interessante Arrangements und schenken die perfekte Auszeit vom Alltag daheim. In unserem Wellnessportal für Wellnesshotels in Deutschland, Österreich, der Schweiz und Europa finden Sie die schönsten Wellnesshotels. Wir bieten Ihnen ausschließlich ausgesuchte Wellnessreisen und handverlesene Angebote. Wellnesshotel24.de hat für jeden Wellnessurlaub das passende Angebot. Lehnen Sie sich zurück, entspannen Sie sich und suchen Sie sich in aller Ruhe Ihren ganz persönlichen Wellnessurlaub aus. Sie finden in unserem Wellnessportal Hotels von der Nordsee bis nach Bayern. Ob Mecklenburg-Vorpommern oder Nordrhein-Westfalen, Hamburg oder München – hier finden Sie das ideale Wellnesshotel in allen Regionen Deutschlands. Mit unserer Umkreissuchen finden Sie Ihr Wellnesshotel in Deutschland noch schneller. Geben Sie einfach die Postleitzahl oder den Ort ein. Ein Klick und Ihnen werden alle Wellnesshotels in der Nähe angezeigt. Sie können auch gezielt in den beliebtesten Wellnessregionen stöbern oder ausgewählte Bundesländer in Deutschland für Ihre Hotelsuche nutzen. Unsere Wellness Angebote führen Sie auch bis nach Italien, Luxemburg und Tschechien. Wir erweitern unsere Angebote für Sie stetig. Das Team vom Wellness-Online-Reisebüro wellnesshotel24 ist täglich auf der Suche nach neuen Wellnessreisen und steht in ständigem Kontakt zu den schönsten Wellnesshotels in Deutschland und weiteren Ländern.Wellnessurlaub – der rundum WohlfühlurlaubWellnessurlaub - das ist Entspannung, Relaxen, Erholung und Wohlfühlen. Genießen Sie deutschlandweit exklusive Angebote. Wellnessurlaub, das ist auch Kuschelzeit. Verbinden Sie Romantik und Beauty und genießen Sie gemeinsam mit Ihrer Partnerin/Ihrem Partner eine wunderschöne Zeit zu Zweit. Tagsüber nutzen Sie den Wellness und Beauty Bereich Ihres Hotels, abends dinieren Sie gemeinsam, schauen in die Sterne und lassen Ihren Alltag weit hinter sich. Tanken Sie mal wieder richtig Kraft, schenken Sie Körper, Geist und Seele verloren gegangene Energie und Gesundheit zurück. Wellnesshotel24.de bietet Ihnen ausgesuchte Wellnessangebote für Zwei.Vielleicht ist auch ein Freundinnen-Arrangement genau das richtige für Sie. Buchen Sie gemeinsam mit Ihrer Freundin einen Wellnessurlaub in Deutschland über die Feiertage. SPA und Beauty, Entspannung und Pflege, nehmen Sie sich eine verdiente Auszeit. Vielleicht haben Sie auch Lust Sport und Wellness zu kombinieren? Spielen Sie nach dem Saunagang eine Partie Golf, Tennis oder gehen Sie Klettern. Wellnesshotel24.de bietet Ihnen ausgesuchte Urlaubstage nahe den Dolomiten, exklusiven Wellnessurlaub in Wellness- & Golf-Hotels oder Ruheoasen, in denen Sie einfach mal gar nichts tun müssen. Schön gebucht, das ist auch günstig gebucht. Wir möchten, dass Ihr Wellness Urlaub rundherum perfekt wird. Dazu gehört auch, dass Sie exklusiven Wellnessurlaub in tollen Wellness-Hotels günstig buchen können. AGB Impressum Datenschutz Kontakt Newsletter Reiserücktrittsversicherung Wellness Tipps Umkreissuche Angebotsnr.-Suche Wellness Gutschein Wellnesswoche Last-Minute Angebote Wellness-Schnäppchen Ayurveda-Angebote Männer-Wellness Wellness Wochenende Golf-Wellnessangebote Valentinstag-Angebote Osterangebote Pfingst-Angebote Himmelfahrt-Angebote Adventangebote Weihnachtsangebote Silvesterangebote Frühlings Wellness Angebote Thermenurlaub Angebote Luxus Wellnessangebote Wellness-Wanderurlaub Fastenurlaub-Angebote Wellness für Schwangere Medical Wellness Angebote Wellnessangebote für Zwei Sommer Wellnessangebote Herbst Arrangements Winter Wellnessangebote Single Wellnessangebote Wellness Skiurlaub Fasching Kurzurlaub Angebote Aktiv Wellnessurlaub Wellness Familienurlaub Copyright © 2012-2017 by wellnesshotel24.de "
191,wohnungsmarkt24.de," Immobilien - Wohnungen - Häuser ► Wohnungsmarkt24.de Jetzt kostenlos Gesuche aufgeben Start Navigation umschalten Wohnungen Wohnungen Wohnung mieten Wohnung kaufen Wohngemeinschaft Mietwohnung Eigentumswohnung Häuser Häuser Haus mieten Haus kaufen Wohnungssuche Immobilien Immobilien Immobilien kaufen Immobilien mieten Anlageimmobilien Auslandsimmobilien Immobilien inserieren Branchenbuch Gesuche Maklerservice Maklerempfehlung Immobilienbewertung Start Gesuche Branchenbuch Service Themen Top-Städte Bundesländer Wohnungssuche, Immobiliensuche Details ×Close Details übernehmen MietwohnungenEigentumswohnungenHaus mietenHaus kaufenGrundstück mietenGrundstück kaufenGarage mietenGarage kaufenWohngemeinschaftMietwohnungen MietwohnungenEigentumswohnungenHaus mietenHaus kaufenGrundstück mietenGrundstück kaufenGarage mietenGarage kaufenWohngemeinschaft Preis bis: Fläche bis: Zimmer von: egal1234567 Zimmer bis: egal1234567 Wohnungen Wohnung mieten Wohnung kaufen Mietwohnung Eigentumswohnung Häuser Haus mieten Haus kaufen Einfamilienhaus Energiesparhaus Inserieren Haus verkaufen Haus vermieten Wohnung verkaufen Wohnung vermieten Mallorca Haus kaufen Finca kaufen Villa kaufen Apartment kaufen Gesuche Die passende Wohnung noch nicht gefunden? Oder suchen Sie einen Nachmieter für Ihre Immobilie? Hier können Sie schnell und einfach ein kostenloses Gesuch aufgeben. Nachmieter suchen Gesuch aufgeben Branchenbuch Finden Sie jetzt schnell Makler, Handwerker, Umzugsfirmen u.v.m. Firma kostenlos eintragen Firma suchen Service DSL + Telefon Vergleichen Sie jetzt einfach und schnell die Tarife der wichtigsten Telekommunikations-Anbieter. Mehr » Strom + Gas Vergleichen Sie hier die Strom- und Gaspreise und finden Sie die günstigsten Anbieter. Strom » Gas » Umzug Machen Sie jetzt den kostenlosen Anbietervergleich und sparen Sie bares Geld. Mehr » Versicherung Finden Sie jetzt die richtigen Versicherungen für Ihre Immobilien. Mehr » Weitere interessante Themen Ratgeber Wissenswertes zum Thema Wohnen finden Sie in unserem Wohnlexikon. Mehr… Immobilien-News Nachrichten aus der Immobilienwelt. Immer auf dem neuesten Stand. Mehr… Hausbau Hier finden Sie Infos rund um den Hausbau, Haustypen, Hausbaufirmen uvm. Mehr… Angebote in den Top-Städten Wohnungssuche: Wohnung Berlin Wohnung Frankfurt Wohnung Hamburg Wohnung Köln Wohnung München Wohnung Mallorca Haussuche: Haus Berlin Haus Frankfurt Haus Hamburg Haus Köln Haus München Haus Mallorca Wohngemeinschaften: Wohngemeinschaften Berlin Wohngemeinschaften Frankfurt Wohngemeinschaften Hamburg Wohngemeinschaften Köln Wohngemeinschaften München Grundstück Mallorca Immobilien: Immobilien Berlin Immobilien Frankfurt Immobilien Hamburg Immobilien Köln Immobilien München Immobilien Mallorca Angebote in den Bundesländern Baden-Württemberg | Bayern | Berlin | Brandenburg | Bremen | Hamburg | Hessen | Mecklenburg-Vorpommern | Niedersachsen Nordrhein-Westfalen | Rheinland-Pfalz | Saarland | Sachsen-Anhalt | Sachsen | Schleswig-Holstein | Thüringen Luxusimmobilien Santa Ponsa | Port Andratx © 2007 - 2017 Wohnungsmarkt24.de Kontakt Impressum Partner werden Online-Werbung "
192,worldtrip.de," Weltreise - schmökern und planen html-Menu worldtrip - in English Weltreise - Schmökern und Planen Weltreiseportal bitte verlinken Dynamische Navigation: Home Weltreise-PortalNach OstenNach Westen EquipmentLinks und Leidenschaften Tauchen About UsPartner Service & FAQGuestbookVideo-ClipsDia-ShowsDid we meet?* NEU * Weltreise-Bericht zum Schmökern: Weltreise-Portal zur Reiseplanung: In unserem Weltreisebericht: Tausende Fotos, Hunderte Anekdoten und Praxistipps aus dem Reiseleben zum Schmökern, Träumen und virtuellen Mitreisen. Seit 18.4.2000 weltreisend live von unterwegs. Guck mal, die machen eine Weltreise... Eigentlich müsste man auch mal... Insgeheim wollte ich schon immer mal... Andere schaffen das - warum nicht auch wir?!... ... Ostern 2000 haben wir schließlich Heim und ""sichere Zukunft"" in BRD auf-, Fernweh und Abenteuerlust nachgegeben: Erstes Ziel unserer Backpackerweltreise war Bangkok, wo auch der Live-Weltreisebericht startet. Ursprünglich als einjährige Weltumrundung mit Round-The-World-Ticket angedacht, hat sich unsere Weltreise seit Auslaufen des RTW-Jahrestickets im Königreich Tonga zur unbefristeten nomadischen (Über-) Lebensart ""verselbständigt"". Nach 15 Monaten auf Tonga und ohne Zeitdruck entwickeln Weltreise und Webseite nun zwanglos eine spannende Eigendynamik der wir seit nunmehr 10 Weltreisejahren, oft selbst sprachlos, spontan folgen - derzeit im Großraum Karibik. Zwei Sätze haben sich auf der Welttour around the world mehrfach für uns bewahrheitet: ' Travel helps you to remember, who you forgot to be' und 'Das Sein ändert das Bewusstsein...' ... vom Touri zum Traveler - vom Aussteiger zum Einsteiger beispielsweise: Als langsam weltreisende Globetrotter sind wir weltreisend unterwegs oft auf Partner für temporäre ""Hand gegen Koje""- Konstrukte angewiesen, was uns dann vollbeschäftigt und vorübergehend tief in's jeweilige Leben vor Ort integriert. Bleibt daneben noch Zeit und Geld, tun wir unser Bestes, nach Betreuung der Weltreisevorbereitung anderer im Weltreiseforum auch zeitnah hier auf worldtrip.de von eigenen Weltreiseerfahrungen zu berichten. Wie alles kam, was jetzt ist , Geschichten vom mehrjährigen Nomadendortsein und aus exotischen Reiseländern erschmökerst Du Dir über die dynamische Navigationsleiste links oben (welche?), nur sie bringt System ins site-map-chaos. Unsere Weltreisereportage und das WRF entstehen autodidaktisch - amateurhaft als zeitraubendes ""Werk der Liebe"" unter den oft abenteuerlich improvisierten Bedingungen einer low budget Weltreise, damit andere an unseren weltweiten Reiseerfahrungen teilhaben - und für eigene Individualreisen von der kompetenten Hilfe im Weltreiseportal profitieren können. Wir ""produzieren"" auf kostspieliger Reiseelektronik die wir auf unserer Weltreise im Rucksack mitschleppen, in abgelegenen Internetcafés und über langsame Verbindungen, die uns beim nötigen Datentransfer teuer kommen. Wir hoffen, dass irgendwann mehr als die derzeit 0,01‰ (!) ihrer Besucher unsere Weltreisesite unterhaltsam, informativ oder Fantasie anregend genug finden, um ihre Fortführung kostenlos oder mit 1€/Monat zu unterstützen ( Ruhmeshalle). Obwohl wir lieber nicht von unserem Weltreiseblog ablenken würden, versuchen wir die immer weiter klaffende Finanzlücke mit nützlicher Reklame zum Weltreisen (keine Pop-Ups!) und Förderlinks zu stopfen. Wir arbeiten intensiv an einer größeren Förderungswürdigkeit - und bitten Dich solange um wohlwollendes Verständnis dafür. :-) In Deinem Weltreiseportal: Info-Pool für (Ex-) Weltreisende (in spe): Alles zu Planung und Realisierung Deiner Weltreise, Fernreise, Langzeitreise oder anderen Individualreisen im Weltreiseforum.de und den Weltreise-Workshops: Workshop Weltreiseplanung gibt aus eigener Weltreisepraxis und Fremderfahrung Tausender Forenmitglieder umfangreiche Anregungen, Ratschläge und Literaturhinweise, wie man sich dem Vorhaben einer Langzeit-Reise um die Welt nähern kann... Abschnitt Weltreise-Equipment zeigt und bespricht, was sich als Weltreiseausrüstung bei uns über 10 Jahre lang bewährt hat (was brauchst Du / nicht?). Workshop Weltreisekamera & Datenträger für die Reise gibt technische Entscheidungshilfen zum Reisekamerakauf aus der Reisepraxis, nennt Bezugsquellen und Links zum gegenseitigen Erfahrungs-austausch unter Weltreisophilen. Das Grundwissen Telekommunikation auf Weltreise nennt Tipps und Adressen zur preiswerten Kommunikation weltweit, Workshop Einreise & Visa klärt alle Deine Visumsfragen, Geld & Reise Deine Finanzierungsfragen für unterwegs. Weltweite Unterkünfte und Tipps zur Unterkunftsuche unterwegs siehe Workshop Unterkunftssuche. Workshop Musik unterwegs gibt Hinweise, wie Du Musik mobil machen und platzsparend mit auf Tour nehmen kannst. Je begehrenswerter Dein Reisegepäck, desto wertvoller unsere bewährten Sicherheitstipps zum Reisen Auf welche Tierbegegnungen Du auf einer Rucksackreise um die Welt gefasst sein solltest und welche Strategien sich im Umgang mit ihnen bei uns bewährt haben: Grundwissen Reisetierchen. Der Kreuzfahrt-Almanach für Globetrotter dokumentiert am Beispiel Karibik, wie Du spottbillig Inselhüpfen kannst. Weltreise-Links sind aufwändig handverlesene weltweite Info-Ressourcen zur Weltreiseplanung und für aktuell Weltreisende in jeder Lage: Länderinfos, Gesundheitsfragen, Transport, Klima, Technik, Notfall... Für Dein Reiseblog kannst Du hier eine online-Karte mit Deiner Reiseroute erstellen, weltweite Infos und Fotos zu Orten, zum momentanen Weltwetter, alle Flughäfen weltweit sowie Tausende von buchbaren Unterkünften und Flüge zwischen Flughäfen weltweit findest Du über die interaktive Weltreisekarte. Wer möglichst auch ""Hand gegen Koje"" weltreisen will, braucht Partner... Im Weltreiseforum.de () helfen sich Globetrotter gegenseitig und ohne kommerzielle Absichten bei der Vorbereitung ihrer Weltreise, Fernreise, Auslandspraktika oder Volontariate, diskutieren Reisefragen und aktuelle Weltreiseerfahrungen von unterwegs. In der Mitreisebörse des Weltreiseforums findest Du kostenlos Reisepartner bzw. Reisepartnerinnen für alle Kontinente und Reisestile. Im Travel-Chat triffst Du Weltenbummler und Mitglieder des Hospitality Clubs, also weltweit potentielle Freunde für unterwegs zum Chatten. Wenn Dir unser Weltreiseportal nützt, Dir Lehrgeld bei Deiner Reiseplanung erspart und Dir wertvolle Weltreise-Infos bietet, wären wir Dir sehr dankbar für eine faire Förderung für seine Schaffung, Unterhaltung und Erweiterung! Unsere eigene, in über 10 Weltreisejahren mühsam ""ertingelte"" Weltreiseexpertise stellen wir allen hier und im WRF kostenlos, oder individueller als Weltreiseservice für Kleingeld im Individualchat, internet-telefonisch oder auf Urlaub-artigen Weltreiseworkshops zur Verfügung. Herzlich willkommen in der ""Selbsthilfegruppe Fernweh!"" ... oder suchst Du nur ""letzte Urlaubsparadiese"" für Sabbatical oder Individualurlaub, die noch nicht über Reiseführer vermarktet - und touristisch vereinnahmt wurden? Neu im Weltreiseblog Mitreisende: Unsere neue Weltreisekamera im: Weltreise-Workshop: Reisekamera Suchen & Schmökern! Web Worldtrip Statt dem geplanten Sabbatical-Jahr inzwischen weltreisend seit genau: 17 Jahren, 8 Monaten, 3 Tagen, 0 Stunden, 4 Minuten, 24 Sekunden Letztes Update der Weltreiseseiten: 1.02.2017 Google Weltreise Afrika Asien Europa Karibik Mittelamerika Südamerika Naher Osten Nord-Amerika Pazifik Ägypten Äthiopien Botswana Dem.Rep.Kongo Djibouti Elfenbeinkste Gambia Kenia Lesotho Libyen Malawi Marokko Mauritius Namibia Republik Kongo Ruanda Saint Helena Senegal Südafrika Uganda Zambia Afghanistan Armenien Azerbaijan Bangladesch China Hong Kong Indien Indonesien Japan Kasachstan Kirgisien Malaysien Mongolei Nepal Pakistan Philippinen Russland Seychellen Singapur Sri Lanka Südkorea Taiwan Taschikistan Thailand Timor-Leste Turkmenistan Ukraine Usbekistan Vietnam Belgien Bosnien & Herzegovina Bulgarien Deutschland Dänemark Finnland Frankreich Gibraltar Griechenland Großbritannien Guernsey Irland Island Isle of Man Italien Jersey Kroatien Lettland Liechtenstein Luxemburg Malta Niederlande Norwegen Österreich Polen Portugal Rumnien San Marino Schweden Schweiz Slowakei Spanien Türkei Ungarn Anguilla Antigua & Barbuda Brit. Jungferninseln Dominica Dominikanische Republik Haiti Jamaika Kuba Montserrat Puerto Rico St.Vincent & Grenadinen Trinidad & Tobago US-Jungferninseln Guatemala El Salvador Honduras Nicaragua Costa Rica Panama Argentinien Bolivien Brasilien Chile Ekuador Kolumbien Paraguay Peru Uruguay Venezuela Israel Jordan Oman Saudi Arabien UAE Bahamas Kanada Mexico USA Australien Bahrain Belize Burundi Cook Islands Fidschi Mikronesien Nauru Neuseeland Niue Norfolk Island Pitcairn Islands Samoa (American) Samoa (West) Tonga Vanuatu Gebrauchsanweisung: Workshop Auslandsrecherchen Worldtrip Deinen Favoriten zufügen (IE) - Einen Link hierher setzen - Worldtrip einem Freund empfehlen Ursprünglich war die Schnapsidee worldtrip.de für Eltern und Freunde gedacht, um sie live von unserer Weltreise zu informieren. So entstand 1999 dieser erste, älteste und längste Live-Weltreisebericht samt Weltreise-Infoforum im Internet, das erste Live-Reiseblog überhaupt, lange bevor es Blogs oder Wikipedien gab. Dank gegenseitiger Hilfsbereitschaft von Weltreisenden hat sich unsere Weltreisepräsenz inzwischen zur wohl größten unabhängigen virtuellen Mitreiseplattform und deutschsprachigen Informationsquelle für Weltreise, Fernreise und andere längere Individualreise entwickelt.* Argusäugig wachen wir täglich darüber, dass Reise-Infos hier und im WRF ohne kommerziell motivierte Realitätsverzerrung bleiben und auf Gegenseitigkeit ein aktueller, recherchierbarer Infopool zum Indiviualreisen weltweit entsteht. Bitte verzichte auch Du darauf, im WRF Verkaufs-motiviert zu posten, und respektiere die rein Reise-kameradschaftliche Gegenseitigkeitshilfe durch Einhalten der Drei WRF- Gegenseitigkeitsregeln! Für Rückmeldung, Tipps und Nachricht wenn was nicht funktioniert an Astrid oder MArtin , im Gästebuch oder durch Fragebogen sind wir stets dankbar! Bitte hilf uns, auf unseren Weltreiseseiten einen guten Kompromiss zwischen unterhaltsam und informativ, Bildern und Text zu finden. Wir laden Dich herzlich ein, Deine Fragen rund ums Weltreisen kostenlos im , dem Weltreiseforum auf Gegenseitigkeit so zu stellen, dass auch Andere von unseren und den Antworten anderer Weltreisender profitieren! Fragen per Privat-Mail hingegen... *Hat jemand seine mühsam gesammelten (Weltreise-) Erfahrungen erstmal im Internet veröffentlicht, werden sie schnell publikatorisch ausbeutbares Allgemeingut - und manche schrecken nicht davor zurück, sich hemmungslos zu bedienen und plagiatorisch dreist mit fremden Federn und Reiseerfahrungen zu schmücken. Das Thema Weltreise macht da keine Ausnahme und hat inzwischen professionelle Webdesigner und Mitmenschen angezogen, die ihr praxisfremdes Weltreisewissen zwar einst aus unseren Weltreiseberichten, Weltreise-Newslettern und dem WeltReiseForum bezogen, nun aber selbst im eigenen Weltreiseportal oder Reiseforum mit Urlaubsfotos garniert kompilieren, kommerzialisieren und bewerben. Ohne Link auf's ""inspirierende"" Original - und ohne Förderung, versteht sich, Selbst wenn wir versuchen, darin auch ein Kompliment zu sehen, würden wir unsere Inhalte doch lieber nur selbst veröffentlichen, statt sie umsrukturiert, umgeschrieben und im Design aufgepeppt auf Fremdseiten zu finden. Fleisch kauft man doch auch eher vom Metzger, als vom Schaufensterdekorateur, - oder? O tempora O mores. Copyright ©: Worldtrip 1999-2010 Haftungsausschluss Impressum Altes Weltreiseforum Rechte-Copyright Google-Disclaimer optimiert auf 1024x768 px weltreisend.de fördern? These pages are produced in the honest belief that, except where stated, content gathered from the Internet has been made freely available for public use. All other Text and pictures. Copyright ©: Worldtrip 1999-2010 Translation We apologise if we have accidentally used private material and politely invite owners to contact us if they are concerned. Teil-Navigation für Browser ohne Javascript: - Australien - Neuseeland - New York - Leidenschaften - Weltreise-Rezepte - Weltreise-Video - Aktuell im WeltReiseForum.de: Vietnam: Aktuelle Ta... (23 Antworten) - thomas w, 21/12/17 Funkgeräte auf Reise... (8 Antworten) - muger, 21/12/17 Zahnersatz aus Ungar... (0 Antworten) - Domi K., 21/12/17 Pakistan-Visum in De... (16 Antworten) - Johannes Overlander, 16/12/17 Ko Chang (West) - Un... (13 Antworten) - Hirogen, 15/12/17 Neuste Reisethemen auf Deiner Homepage? Förder-Links: Weltweit gratis Bargeld vom Zinskonto Deine Anzeige hier? Outdoor-Shop Bergfreunde.de Ausrüstung für Klettern, Bergsport & Outdoor Frei für 50€/ Monat . Selbstfahrerforum für KFZ-Reisen weltweit Ihre Anzeige hier Dieser Slot ist gerade frei... Anzeigen ab nur 20€/ Monat Details Weltkarte mit Reiseroute English SiteWeltreiseforenWeltreisekarteWeltreise-PlanungWeltreise-LinksGeld und ReisenEinreisebelange - VisaTelekommunikationEquipmentBuchtipps ReiseplanungMusik auf ReisenReise- TierchenTravel-ChatMitsegelnWWOOFENWeltreise - WorkshopWeltreiseforum für GlobetrotterWeltreiseforum für SelbstfahrerInfo-LinksMedizin-LinksFinanz-LinksTransport-LinksJob-LinksKlima-LinksTechnik-LinksUnterkunfts-LinksNotfall-LinksGoogle weltweitRefinanzierung auf WeltreiseOnline BankingBudget- und SpartippsWeltreise-Budgetmp3-WorkshopMusikwiedergabeAsien - Menu Australien - Menu NeuseelandKoenigreich Tonga Zwischenstopp BRDThailandMalaysiaSingapur 1 von 2PhilippinenTauchen in SuedostasienBangkok 1-2Koh Samui -> Koh Taen 1-3Koh Samui 1-2Koh Tao 1-4Kota Bharu 1-2Perhentian Island KecilPulau Tenggol 1-5DungunCherating 1-4Manila 1 von 2Puerto Princesa 1 von 2Coron 1-5Port Barton - Puerto Princesa 2Coron 1Coron 2Coron 3Coron 4Coron 5Australien - ReiselinksNew South WalesAussie-GoogleSydney 1 von 2Rainbow RegionNimbin 1-2JerraparkAucklandKiwi-GoogleTonga - EinfuehrungTonga - PortalTonga - TagebuchTonga-LinksTauchen auf TongaBuchtipps TongaHome sad HomeHome sweet HomeAmerikasKaribikVorbereitung auf USAUSA - New YorkAuf BandsucheOffener Brief an amerikanische JambandsNew York 1New York 2New York 3New York 4 New York 5New York 6New York 7New York - LinksNew York - LiteraturKaribik-KarteKaribik-LinksKaribik-FaehrenPuerto Rico-MenuBarbados-MenuGrenadaTrinidadDominikaPuerto Rico LinksAnkunft Puerto RicoToro NegroCulebraPuerto Rico DiashowLinks zu BarbadosFoto-Quiz BarbadosTV-KomparsenCrop-OverHurrikan Ivan nahtBaby Survival Kits 1-4Grenada-MissionBarbados-HafenKaribisches HalloweenGrenada nach Ivan 1-3Frachterfahrt LADY GRACE 1-2Trini-LinksKarneval Trinidad-LinksKarneval TrinidadFrachterfahrt nach TrinidadWeltreise-Equipment - EinfuehrungWeltreise-Equipment - UebersichtDas Wichtigste einzeln:Weltreise-ElektronikBeutelSicher auf ReisenReise-TaschenlampenStromversorgung auf ReisenRucksaeckeWeltreise-ElektronikThermo-KompassMusik auf ReisenSchlafsackMoskitos und NetzeWeltreise-KleidungWeltreise-UtilitiesFrauensacheTrinkwasserversorgungWasserdichte BeutelNylon BeutelLED-StirnlampenReise-StablampenSchluesselbund-LeuchtenWeltreisesteckerNiMH-AkkusAkku-LadegeräteWeltreise-RucksaeckeTagesrucksackHandgepaeck-RucksackSarongs - PareosWeltreise-LaptopsWeltreise-KameraWeltreise-HandheldLaptop-Transport LesenMusik...Welt-Reise-LinksFoto / VideoBackgammonKochen / RezepteHomepage-BastelnMedizinBuecher zur ReisevorbereitungBuchtipps zu TongaKatzen-KrimisRatgeber und Psycho-Eckemp3-WorkshopMusikwiedergabeCD-Tipps2000-2003Ab 2004Tauchen (weltweit)Tauchgebiete Sued-Ost-AsienTauchen auf TongaAbout AstridAbout MArtinAbout worldtrip Partner PartnersFoerdererFreundeHall Of FameMit 1 Euro Kostenlos foerdernAls Werber foerdernKarins WeltWeltreise-ShopPostkarten-VersandWeltreise-HotlineDesktop-WallpaperVerlinken?FragebogenWeltreise-FAQPrivat-ChatCopyright?Google weltweitaktuelles GaestebuchGaestebuch 2006 IGaestebuch 2005Gaestebuch 2004Gaestebuch 2003Gaestebuch 2002Gaestebuch 2001Gaestebuch 2000Fruehstuecks-Hoernchen in MalaysiaHahnenkampf auf CoronSportsday auf TongaWeltreise-DiashowDia-Show Puerto RicoErntedank-Karneval Barbados"
193,wp-hoster.de,"Home - WP-Hoster Rufen Sie uns an: +49 9901 9485657|service@wp-hoster.deImpressumDatenschutzerklärungAllgemeine GeschäftsbedingungenImpressumDatenschutzerklärungAllgemeine Geschäftsbedingungen StartseiteÜber unsBlogPreiseHostingWordPress-Pflege StartseiteÜber unsBlogPreiseHostingWordPress-PflegeWORDPRESS MANAGED HOSTINGWir bringen Sie schnell und einfach ins NetzUnser Angebot Home derchef423 2017-02-27T21:42:38+00:00 Beschleunigen Sie Ihren AuftrittWir sorgen dafür, dass Ihr WordPress schnell geladen wirdSUPPORTUnser Support Team unterstützt Sie und hilft Ihnen bei Ihren Fragen unmittelbar weiter. Kontaktieren Sie uns!GESCHWINDIGKEITUnsere WordPress-Installation werden sehr schnell geladen.Google mag das! SICHERHEITWir sorgen durch tägliche Backups und regelmäßige Updates dafür, dass Ihre Seite sicher läuft.SKALRIERBARKEITOb Ihre Seite 10 oder 100.000 Besucher hat.Wir sorgen dafür, dass Sie läuft! Wir bieten IhnenWarum wir der Beste Partner für Ihr Unternehmen sind.DIREKTER ANSPRECHPARTNERSie haben einen direkten Ansprechpartner, der Ihnen bei Ihrem Webseiten-Projekt weiterhilft. Sie haben Fragen zur Umsetzung? Wir helfen Ihnen gerne und beraten Sie umfassend.ZUVERLÄSSIG SICHEREin ausgeklügeltes Backupsystem stellt sicher, dass Ihre Seite jederzeit auf einen früheren Stand wieder zurückgesetzt werden kann. Zusätzlich sorgen wir dafür, dass Ihr System auf dem aktuellsten Softwarestand läuft.EINFACH ZU BEARBEITENMit WordPress verwalten Sie Ihre Webseite selber und können einfach Text, Bilder, Seitenstrukturen, Menüs, Aussehen etc. verändern. Wir zeigen Ihnen wie das geht!BERATUNGUnsere langjährige Erfahrung stellen wir Ihnen gerne zur Verfügung und helfen Ihnen Ihre Webseiten erfolgreich zu machen. Sie benötigen mehr Besucher? Auch da können wir Ihnen weiterhelfen.FLEXIBLES ANGEBOTSie können direkt eines unserer 3 Pakete wählen oder sprechen Sie mit uns und wir bieten Ihnen ein maßgeschneidertes Angebot für Ihr WordPress-Hosting.BLITZSCHNELLWir verwenden als Serversoftware NGINX, das einen deutlichen Geschwindigkeitsvorteil bietet. Ebenso bieten wir Ihnen ein ausgeklügeltes Caching-System an, damit Ihre Seiten noch schneller geladen werden.Unsere Kunden lieben unsGlauben Sie nicht nur uns, sondern lesen Sie selbst:ANDREA JUCHEMSie brauchen einen Webmaster der nicht nur schnell, kompetent, kostentransparent und preiswürdig ihren Firmenauftritt, Shop, Blog oder Wiki aufsetzt, sondern darüber hinaus auch noch ihre Wünsche erahnen kann und Ihnen Vorschläge dazu machen, bevor Sie sie aussprechen? Der eine Engelsgeduld mit Ihnen hat, wenn sie die 23. ausgefallene Idee haben und der immer noch geduldigst zuhört und eine Lösung bietet? Und der darüber hinaus auch nach dem Launch immer zur Stelle ist, wenn Not am Blog ist? Mit Martin Unverdorben haben sie den Dienstleister gefunden, auf den all dies zutrifft. In den 15 Jahren in denen ich mit diversen Agenturen und Programmierern zusammengearbeitet habe, habe ich niemand kompetenteren kennengelernt, der darüber hinaus weder das Geld- noch das Zeitbudget überzieht. Glauben Sie nicht? Nur eigene Erfahrung macht klug.Simone HappelMartin ist für mich das technische Rückgrat, ohne das lebenshungrig.de nicht so reibungslos funktionieren würde. Er ist jederzeit hilfsbereit, zuverlässig und kompetent so dass er für all meine Ideen die passende Umsetzungsmöglichkeit findet. Was die Technik betrifft, mache ich keinen Schritt mehr ohne ihn.ein Produkt von Weinstr. 13 94577 WinzerPhone: +4999019485657Email: service@wp-hoster.de Copyright 2012 - 2015 Avada Theme by Theme Fusion | All Rights Reserved | Powered by WordPressFacebookTwitterInstagramGoogle+ Go to Top"
194,xenagos.de," Personalberatung Vertrieb & Headhunter Sales - xenagos.de .wpb_animate_when_almost_visible { opacity: 1; } Anmeldung Newscast × Zum Inhalt springen Xenagos GmbH | Hanauer Landstrasse 291 | 60314 Frankfurt am Main+49 69 204 563 0info@xenagos.de XINGLinkedinFacebookTwitter Search: xenagos.de Personalberatung für Vertrieb, eBusiness & Unternehmensnachfolge PersonalberatungPersonalberatung Vertrieb E-Business Köpfe für den digitalen Vertriebsweg Führungskräfte im Vertrieb Sales Onboarding Vertriebs-Organisationsberatung Assessments & Recruitment Training Unternehmensnachfolge Vertrieb Jobs Recruiting Journal VertriebsFunk Über XenagosHeadhunter Of The Year Pressemeldungen Unsere Referenzen – Führungskräfte & Verkäufer KontaktFirmenkontakt Kontakt für Kandidaten Ihr Weg zu Xenagos XINGLinkedinFacebookTwitter PersonalberatungPersonalberatung Vertrieb E-Business Köpfe für den digitalen Vertriebsweg Führungskräfte im Vertrieb Sales Onboarding Vertriebs-Organisationsberatung Assessments & Recruitment Training Unternehmensnachfolge Vertrieb Jobs Recruiting Journal VertriebsFunk Über XenagosHeadhunter Of The Year Pressemeldungen Unsere Referenzen – Führungskräfte & Verkäufer KontaktFirmenkontakt Kontakt für Kandidaten Ihr Weg zu Xenagos Xenagos GmbH | Hanauer Landstrasse 291 | 60314 Frankfurt am Main+49 69 204 563 0info@xenagos.de Personalberatung für Vertrieb Besetzen Sie mit uns Ihre Vertriebspositionen zuverlässig und passgenau: Passende Kandidaten in wenigen Wochen zum Festpreis. Die besten Verkäufer bewerben sich nicht – sie sind unterwegs beim Kunden. Und wir finden sie! Passgenau und zielsicher Erfahrung aus mehr als 1.000 erfolgreichen Placements bei über 700 Unternehmen in (fast) allen Branchen. Deutschlandweit und International Unser Fokus: Deutschland, Österreich und alle Export-Themen Erfahren Sie mehr! Personalberatung spezialisiert auf Vertrieb Xenagos ist die Personalberatung für Positionen im Vertrieb. Vom Director Sales über Key Account Manager bis hin zum Vertriebsingenieur oder Area Sales Manager – wir besetzen Ihre Vertriebspositionen schnell, effizient und zielsicher. 40.000 Kandidaten Kontakte mehr als 1.000 erfolgreiche Placements über 700 Kunden vertrauen Xenagos in allen Branchen Büros in Deutschland und Österreich weltweit für Sie aktiv auf Suche Top Arbeitgeber & Top Company No. 1 Personalberatung für Vertrieb (lt. Vertriebsmanager) Placements Kunden Jahre Erfahrung Unternehmensnachfolge Weil Ihr Lebenswerk den besten Nachfolger verdient! Nutzen Sie das Xenagos Spezialisten-Team, um Ihr Nachfolgethema professionell und sicher zu lösen. Profitieren Sie von unserer Expertise. Die besten Optionen für Sie Mit der Option Fremdgeschäftsführer die Zukunftsfähigkeit Ihres Unternehmens sichern. Alles aus einer Hand Wir begleiten Sie vom Profiling über die Suche und Auswahl bis hin zum Onboarding. Erfahren Sie mehr! Komplett-Pakete zum Festpreis Personalberatung einfach: Recruiting als Package Alle Leistungen sind bereits enthalten, keine Zusatzkosten Wir bieten Festpreise unabhängig vom Gehalt des Kandidaten Das sagen unsere Kunden Da wir vorrangig mit der systematischen Direktansprache arbeiten und unsere Kunden höchsten Wert auf Vertraulichkeit und Diskretion legen, nennen wir selbstverständlich keine Namen von Klienten oder Kandidaten. „Vielen Dank für die hervorragende und reibungslose Zusammenarbeit. Wir hätten nicht gedacht, dass Sie genau im Zeitplan den richtigen Vertriebsleiter für unser Unternehmen finden können.“ Retail-UnternehmenReferatsleiter Personal „Wir sind begeistert von der Qualität Ihrer Arbeit. Damit stechen Sie weit aus dem Feld der anderen für uns tätigen Anbieter hervor. Wir freuen uns schon auf weitere Projekte mit Ihnen.“ DienstleistungskonzernVorstand IT „Vielen Dank für schnelle und präzise Besetzung des von uns gesuchten Vertriebsspezialisten. Wir haben auch schon mit anderen Personalberatern gearbeitet, aber der Vergleich wäre eine Beleidigung für Xenagos.“ FotogroßlaborGeschäftsführerin „Wenn ich Probleme habe, eine Stelle im Vertrieb zu besetzen, dann rufe ich Xenagos an.“ Technischer GroßhandelGeschäftsführer „Mit Xenagos konnten wir innerhalb kürzester Zeit die strategischen Vertriebspositionen nachhaltig besetzen.“ Internationale Fahrradzubehör-MarkeGeschäftsführer „Ich wollte mich noch für die sehr gute Arbeit bei der Besetzung der Teamleiterposition bedanken. Frau (…) bringt sich hier sehr gut ein und leistet sehr gute Arbeit.“ E-Commerce CompanyHead of Sales „Wenn wir mit Absolventen sprechen, fällt es uns leicht, Sie für uns zu begeistern. Daher arbeiten wir intensiv mit Xenagos zusammen, die gezielt auf Kandidaten zugehen und so das Gespräch direkt in die Zielgruppe tragen.“ Führender Anbieter von Forderungsmanagement-LösungenDirektionsbevollmächtigte Human Resources Recruiting Journal 4 Wege junge Leute zu binden. Im Interview mit Daniel Walzer, Teil 1VertriebsFunk Episode 102 – Sie sind jung und stellen die Arbeitswelt auf die Probe: Millennials – Die Generation Y. Vielen Unternehmen fällt es zunehmend schwer, junge Leute im Betrieb zu halten. Ein Mangel an Nachwuchs ist die Folge. Daniel Walzer gibt dir im ersten Teil des Interviews vier Tipps, wie du junge Leute an dein Unternehmen binden kannst. 20. Dezember 2017Rock your Recruiting! Neue Ideen mit Martin GaedtVertriebsFunk Episode 101 – “Alles geht anders!” Innovationsmanager Martin Gaedt bringt neue Ideen ins Recruiting. Wie triffst du als Bewerber die richtige Entscheidung? Welche Methoden helfen deinem Unternehmen bei der Personalbeschaffung? Im zweiten Teil des Interviews stellt Martin Gaedt sein Format “Rock your Recruiting” vor und erklärt, wie du der Joblotterie entkommst. 15. Dezember 2017Raus aus der Joblotterie: Warum es keinen Fachkräftemangel gibtVertriebsFunk Episode 100 – Mythos oder bittere Realität? Er ist in aller Munde und immer wieder Mittelpunkt hitziger Gespräche. Aber gibt es den Fachkräftemangel überhaupt? Wo findest du geeignete Fachkräfte? Und wie helfen dir neue Technologien dabei? Das alles erzählt dir Martin Gaedt im ersten Teil des Interviews. 13. Dezember 2017Bist Du ein Bewerter oder ein Verwerter?VertriebsFunk Episode 99 – Alles ist eine Sache der Perspektive. Natürlich kannst du Innovation schlecht finden. “So wie es war, war es doch gut!” “Etwas neues Lernen? Wozu denn?” Du kannst aber auch deine Vorurteile über Bord werfen und dich fragen: Bist du ein BEwerter oder bist du ein VERwerter?11. Dezember 2017zum Recruiting Journal Vertrieb Jobs für Fach- und Führungskräfte Kandidaten können von uns erwarten, dass wir sie fair und ehrlich behandeln. In der Regel verstehen wir Ihren Karriereweg, Ihre Expertise und Ihre Wünsche und versuchen Ihnen zu helfen, den nächsten Karrierestep zu nehmen und eine Richtung einzuschlagen, die zu Ihnen passt und auch gut für Sie ist. Wir hören Ihnen zu und möchten gerne langfristig Ihren Weg begleiten. zu den Vertrieb Jobs Business Development Specialist (w/m) Bereich Labordiagnostik – Home Office Bundesweit Vollzeit Veröffentlicht vor 5 Stunden Internationalen Sales Manager Commodities – Spezialkunststoffe (w/m) Ostösterreich Vollzeit Veröffentlicht vor 1 Tag Head of Sales – Chemische Industrie (w/m) Bundesweit Vollzeit Veröffentlicht vor 1 Tag 1234...202122 → Kontaktieren Sie uns! Arbeitgeberkontakt Bitte nehmen Sie telefonisch unter +49 69 204 563 10 oder per E-Mail an info@xenagos.de Kontakt zu uns auf. Über unser Formular können Sie auch direkt das Xenagos Info-Paket bestellen. Info-Paket anfordern Kandidatenkontakt Für allgemeine Anfragen nutzen Sie bitte das Kontaktformular für Kandidaten oder rufen Sie uns an: +49 69 204 563 0 Für Fragen oder wenn Sie uns Ihren Lebenslauf zusenden möchten, nutzen Sie bitte auch die E-Mail Adresse: info@xenagos.de Fragen zu einer konkreten Vakanz beantwortet Ihnen am besten der jeweilige Berater. Die Kontaktdaten finden Sie in den jeweiligen Stellenausschreibungen. Zur Übersicht: Vertrieb Jobs Bekannt aus den Medien Über XenagosPersonalberatung für Vertrieb und Verkauf Wir sind in Deutschland der Spezialist für die moderne, effiziente und erfolgreiche Besetzung von Vertriebspositionen – zum Festpreis und mit Garantie. Über 800 Kunden vertrauen uns seit 2005 die Suche nach ihren Vertriebsprofis an. Sie kommen aus allen Branchen und reichen vom erfolgreichen Mittelstandsunternehmen bis zum Global Player. erfahren Sie mehr über Personalberatung Vertrieb Aktuelle Vertrieb Jobs Business Development Specialist (w/m) Bereich Labordiagnostik – Home Office Bundesweit Vollzeit Internationalen Sales Manager Commodities – Spezialkunststoffe (w/m) Ostösterreich Vollzeit Head of Sales – Chemische Industrie (w/m) Bundesweit Vollzeit Recruiting Journal4 Wege junge Leute zu binden. Im Interview mit Daniel Walzer, Teil 120. Dezember 2017Rock your Recruiting! Neue Ideen mit Martin Gaedt15. Dezember 2017Raus aus der Joblotterie: Warum es keinen Fachkräftemangel gibt13. Dezember 2017Bist Du ein Bewerter oder ein Verwerter?11. Dezember 2017Datenschutz & ImpressumXenagos GmbH Hanauer Landstraße 291 60314 Frankfurt am Main +49 69 2045630 info@xenagos.de Datenschutz | Impressum | Disclaimer Info-Paket anfordern zu den Vertrieb Jobs zum Recruiting Journal © 2017 – Xenagos GmbH | Personalberatung Vertrieb | Headhunter Sales Go to Top An einen Freund sendenIhre E-Mail-AdresseE-Mail-Adresse des EmpfängersSendenLöschen Diese Website nutzt Cookies. Wenn Sie die Website weiter nutzen, gehen wir von Ihrem Einverständnis aus.OKmehr erfahren PersonalberatungPersonalberatung Vertrieb E-Business Köpfe für den digitalen Vertriebsweg Führungskräfte im Vertrieb Sales Onboarding Vertriebs-Organisationsberatung Assessments & Recruitment Training Unternehmensnachfolge Vertrieb Jobs Recruiting Journal VertriebsFunk Über XenagosHeadhunter Of The Year Pressemeldungen Unsere Referenzen – Führungskräfte & Verkäufer KontaktFirmenkontakt Kontakt für Kandidaten Ihr Weg zu Xenagos ."
195,xeon-hosting.de," Xeon-Hosting.de TeamSpeak3 Live Chat Warenkorb Registrieren Login Menü Home Server vServer Rootserver Teamspeak Webhosting Domains Plesk Reseller PrePaid TeamSpeak Hosting von 5-500 Slots DDoS geschützt neuinstallation mit einem Klick Serverviewer Serverbackup möglich 1 GB´s Uplink beste Soundqualität Verwaltung per Webinterface eigene Icons möglich Perfekt für Sprachchats TSDNS 24/7 technischer Support Jetzt bestellen VPS Hosting ab 1 Kern ab 1 GB Arbeitsspeicher ab 25 GB Festplattenspeicher 1 IP Adresse inklusive Bis zu 10 IP Adressen möglich 1 GB´s Uplink (shared) Plesk möglich Verwaltung per Webinterface Game- und Voiceserver Webinterface Perfekt für Webhosting Zusätzliche Domains möglich 24/7 technischer Support Jetzt bestellen WebspaceWebspace Erstellen Sie jetzt Ihren kostenfreien Account und profitieren Sie von unseren PrePaid Angeboten ! Fachkundiger Support Bei Xeon-Hosting IT Service steht Ihnen ein hochklassiges Team an Mitarbeitern zur Verfügung: an 365 Tagen rund um die Uhr versuchen wir Ihre Probleme zu lösen und Sie mit unseren Newslettern auf den neusten Stand zu halten. Markenqualität Durch die Verwendung von Markenhardware versuchen wir Ihnen die optimale Laufzeit Ihres Produktes zu gewährleisten. Profitieren Sie noch heute von unseren Produkten und lassen Sie sich selbst von der Qualität überzeugen. schnelle Bereitstellung Profitieren Sie von der direkten Freischaltung unserer Prepaid Produkte. Bei unseren vertragsgebunden Produkten garantieren wir Ihnen eine Freischaltung binnen 12h nach Zahlungseingang. PrePaid Durch unser PrePaid-System haben Sie die volle Kostenkontrolle Ihrer Produkte. Verlängern Sie diese einfach über Ihr Kundenkonto von Xeon-Hosting. Unsere Produkte sind geschützt mit voxility DDoS Protection Domaincheck Prüfen Sie ob Ihre Domain verfügbar ist Suchen .de (Deutschland) 6,00 € .com (Commercial) 15,00 € .org (Organisation) 15,00 € .net (Network) 15,00 € .space 15,00 € .site 39,00 € Rootserver Warum Sie Ihren Server von Xeon-Hosting beziehen sollten ? Bereitstellung innerhalb von 4 Stunden Schnelle und unkomplizierte installation des Servers Features: 1 GBit Anbindung DDoS Protection einfaches Adminpanel voller Zugriff mittels SSH optimal für Clans und Communitys MEHR WebSpace Erstellen Sie sich einfach Ihre neue individuelle Webpräsenz: Bereitstellung innerhalb von 12 Stunden Einfache Verwaltung vieler WordPress-Installationen dank WordPress Toolkit Features: Verwaltung mit Odins Plesk DDoS Protection eigenes DNS Interface Cronjobs verfügbar 1-Klick installationen verfügbar MEHR Reselling Profitieren Sie alls Reseller von vielen Vorteilen die Sie durch uns erhalten: Alle wichtigen Produkte von einem Anbieter Schnelle und unkomplizierte Einrichtung Ihrer Produkte Unser Angebot an Sie: Dedicated Server Domain Robot FileHosting ( Samba ) VoIP Telefonanlage WebHosting MEHR Sicher bezahlen mit noch FRAGEN ? Schreiben Sie uns eine E-Mail: service@xeon-hosting.de Unsere Produkte vServer Rootserver Teamspeak 3 Webhosting Domains Lizenzen Reseller Rechtliches Impressum AGB Wiederrufsrecht Datenschutz Abuse Kontakt Über Uns Kontakt Support TeamSpeak Support Kundenlogin Copyright © 2017 Xeon-Hosting.de All rights reserved. Für Kunden aus Deutschland ist die gesetzliche MwSt. in Höhe von 19 % enthalten. Für alle Kunden die nicht aus Deutschland kommen versteht sich der Preis inkl. gesetzlich geltender MwSt. des EU Herkunftslandes. "
196,xodox.de,"XODOX - Webdesign, Server, E-Mail & SEO aus Forchheim About Us#0 (kein Titel)#0 (kein Titel)BlogFAQ DomainsE-MailWebdesignHostingHilfe & SupportKontakt Start admin 2017-10-05T14:26:12+00:00 Bei uns stimmt das Gesamtpaket Service, Domain und Webdesign. Unser Angebot ist modular aufgebaut. So können wir für Sie die optimalen Internetdienstleistungen zusammenstellen. Jetzt 30 Tage testen!PERSÖNLICH, PRAXISNAH & ZUVERLÄSSIGIhre Wünsche und Vorgaben werden in moderne IT-Lösungen umgesetzt. Wir liefern exakt auf Ihre Anforderungen zugeschnittene Produkte.HOSTINGWir bieten Ihnen schnelle Server, E-Mail mit Spam- und Virenschutz sowie perfekten Support.WEBDESIGNWir setzen Ihre Firma ins richtige Licht und halten Ihre Website aktuell.DOMAINSSie haben die Wahl! Wir führen alle Domainendungen.Wir sind bereit für Ihren erfolg!Mit unserem Service und Know-How bieten wir Ihnen ein breites Angebot an IT-Dienstleistungen in den Bereichen Server, Webdesign, Suchmaschinen-Optimierung, Hosting, Microsoft Exchange, Office 365 und E-Mail.5000+ verwaltete Domains Domain Management ist Vertrauenssache16+ Jahre Erfahrung Im Jahr 2001 gegründet 8000+ E-Mail Postfächer schützen wir vor Spam, Viren und AngriffenWir bedanken uns herzlich bei unseren KundenVon denen wir viele seit mehr als 15 Jahren betreuen und unser Know-How in viele Richtungen erweitern und vertiefen konnten.Hosting & Webdesign AngeboteAlle Websites werden auf unseren eigenen Servern betreut. Wir kümmern uns um den Betrieb und bieten einen zuverlässigen Service und persönlichen Support.Angebote vergleichenSprechen Sie jetzt mit einem Hosting-ExpertenWebhosting PrivatDas leistungsstarke Allrounder-Angebot ist ideal geeignet für moderne Content Management Systeme wie z.B. WordPress, Contao, Typo3 oder Joomla.1 Domain5 GB SpeicherplatzWeb-Anwendungen5 E-Mail Adressen5 Datenbanken9,90 € / mtl.30 Tage kostenlos testen DetailsFull Managed ServerWir übernehmen die gesamte technische Betreuung Ihres Servers und kümmern uns um die Konfiguration und das Backup. Das ist aber nicht alles: Sie erhalten Zugriff auf unsere kompetenten Hosting-Experten, die Ihnen mit Rat und Tat zur Seite stehen.AdministrationSchnelle ServerMonitoring24/7 SLAab 189,– € / mtl.Schnelle Bereitstellung DetailsE-Mail ServerWir liefern Hosted Exchange (inkl. Revisionssicherer E-Mail Archivierung), Smartermail Business und bewährte Linux E-Mail Server.Managed E-MailViren- und SpamschutzE-Mail UmzugWeb-Administrationab 3,99 € / mtl.Zuverlässige E-Mail Server DetailsWebdesign VisitenkarteEine Website ist eine Selbstverständlichkeit. Der erste Kundenkontakt findet über Ihre Website statt. Präsentieren Sie Ihre Firma professionell, denn eine schöne Website ist wie ein schönes Geschäft: Kunden kaufen hier lieber ein.Modernes WebdesignAktualisierung inkl.Zuverlässiger SupportKomplettservice19,– € / mtl.Setup 199,– € DetailsMehr als schnelle ServerWir bieten Ihnen kostenloses Wissen, zuverlässigen Support und abgestimmte Server für jeden Anwendungsbereich. Wenn Sie 0815 Systeme suchen, sind Sie bei uns an der falschen Adresse. Unsere Spezialität sind individuell angepasste Server und Webseiten, die Ihren Anforderungen ganz genau entsprechen. Hier machen wir keine Kompromisse.XODOX – Das sind wirJetzt beraten lassen!Das können sie erwartenXODOX hat neben den gängigen Mindestanforderungen noch einiges mehr zu bieten:WIR SIND FÜR SIE DAUnser Team steht Ihnen mit Rat und Tat zur Seite.EINFACHE BEDIENUNGKomfortable Server-Verwaltung.30 TAGE TESTENÜberzeugen Sie sich von unserer Service-Qualität.PREISWERTJederzeit volle Kostenkontrolle.1-Klick SetupInstallieren Sie z.B. WordPress mit einem Klick.SicherheitFirewall, umfangreicher Viren- und Spamschutz.Profi FeaturesSSH Zugriff, SFTP, SPF, SSL, CDN uvm.SicherungTägliche Backups, auch On Demand.FRAGEN UND ANTWORTENSie haben Fragen zu XODOX oder unseren Angeboten? Antwort nicht dabei? Schreiben Sie uns.Berät XODOX auch vor Ort?Wir haben unseren Firmensitz im schönen Forchheim in Oberfranken. In der näheren Umgebung ist eine Beratung vor Ort jederzeit möglich. Ansonsten beraten wir Sie gerne per Telefon.Können Sie E-Mail Server umziehen?Sie können Ihren kompletten E-Mail Server inkl. gesamten Inhalt zu XODOX umziehen lassen. Wir berechnen pro 10 E-Mail Accounts 59,00 € einmalig.Wir haben eine Homepage, können Sie sie überarbeiten?Ja, das ist möglich. Es kommt aber darauf an, wie und vor allem wann sie erstellt wurde. Es kann auch ratsam sein eine neue Website zu entwickeln, die wir im Anschluss auf Ihre Domain schalten.Unser WordPress bei Anbieter „XYZ“ wurde gehackt!Wir können Ihnen weiterhelfen! Bitte rufen Sie uns an. Nach kurzer Zeit geben wir eine Einschätzung und einen Lösungsvorschlag ab.Wir möchten E-Mail auf Exchange umstellen.Wir können alle Hosted Exchange Dienste inklusive Umzugsservice „IMAP > Exchange“ liefern. Als besonderes Highlight ist revisionssichere E-Mail-Archivierung möglich.Bieten Sie eine Schulung für CPanel & WordPress?Auf Wunsch schulen wir Sie im Umgang mit WordPress-CMS und CPanel Software.ANGEBOTEDomainsE-MailWebdesignHostingSSL ZertifikateXODOX GmbHÜber unsKontaktImpressumDatenschutzAGB © Copyright 2001 - 2017 | XODOX GmbH | All Rights Reserved | Alle Preise verstehen sich inklusive USt. "
197,zaubermode.de," kunterbunte Kindermode und Babykleidung - günstig bei Zaubermode - Zaubermode - zauberhafte Kindermode Kundenlogin Kundenlogin Konto erstellen Passwort vergessen? Merkzettel 0 Suche Alle Alle Dies & Das Frühchen Alles fürs Baby Mädchen-Mode Jungen-Mode Geschenke Spielzeug Kinder-Schmuck Bücher Schule Alle Dies & Das Frühchen Alles fürs Baby Mädchen-Mode Jungen-Mode Geschenke Spielzeug Kinder-Schmuck Bücher Schule Suche... Erweiterte Suche Ihr Warenkorb 0,00 EUR Sie haben noch keine Artikel in Ihrem Warenkorb. Dies & Das Frühchen Frühchen anzeigen Bodys Langarm Bodys Kurzarm Hosen Strampler und Overalls Sets Jacken Mützen und Accessoires Frühchen-Schnecke Frühchen anzeigen Alles fürs Baby Alles fürs Baby anzeigen Unterwegs & Zuhause Geschenke zur Geburt Geburts-/Geschenkkarten Wärmflaschen Lätzchen Schnuller- und Wagenketten Windeln Pucktuch/Pucksack Kuschel-Schnecke Alles fürs Baby anzeigen Mädchen-Mode Mädchen-Mode anzeigen Babys (Gr. 50-92) Babys (Gr. 50-92) anzeigen Shirt, Sweat & Strick T-Shirts, Blusen & Tops Sets & Kombinationen Hosen, Jeans & Leggings Kleider & Röcke Schuhe Strumpfhosen & Socken Bodys & Schlafanzüge Bademode Bademäntel & Co Mütze, Schal & Handschuhe Jacken, Mäntel & Overalls Strampler & Spielanzüge Accessoires Minis (Gr. 92-128) Minis (Gr. 92-128) anzeigen Shirt, Sweat & Strick T-Shirts, Blusen & Tops Sets & Kombinationen Hosen, Jeans & Leggings Kleider & Röcke Strumpfhosen & Socken Bodys, Unterwäsche & Schlafanzüge Bademäntel & Co Regenbekleidung Mütze, Schal & Handschuhe Jacken, Mäntel & Overalls Strampler & Spielanzüge Accessoires Mädchen-Mode anzeigen Jungen-Mode Jungen-Mode anzeigen Babys (Gr. 50-92) Babys (Gr. 50-92) anzeigen Shirt, Sweat & Strick Hemden, Polos & T-Shirts Sets & Kombinationen Hosen & Jeans Schuhe Strumpfhosen & Socken Bodys & Schlafanzüge Bademäntel & Co Mütze, Schal & Handschuhe Jacken & Overalls Strampler & Spielanzüge Accessoires Minis (Gr. 92-128) Minis (Gr. 92-128) anzeigen Shirt, Sweat & Strick T-Shirts, Polos & Hemden Sets & Kombinationen Hosen & Jeans Strumpfhosen & Socken Bodys, Unterwäsche & Schlafanzüge Bademäntel & Co Regenbekleidung Mütze, Schal & Handschuhe Jacken & Overalls Accessoires Jungen-Mode anzeigen Geschenke Geschenke anzeigen Geschenkgutscheine kleine Mitbringsel kleine Mitbringsel anzeigen Allerlei für Babies Schlüsselanhänger Spiele Geburts-Geschenke Geschenke anzeigen Spielzeug Spielzeug anzeigen Einstiegsalter 0+ Einstiegsalter 3+ Spielzeug anzeigen Kinder-Schmuck Bücher Bücher anzeigen Bilderbücher Lesebücher Malbücher & Mandalas Notizbücher Bücher anzeigen Schule Weitere Kundenlogin Kundenlogin Konto erstellen Passwort vergessen? Merkzettel Startseite Zaubermode - zauberhafte Kindermode online Zaubermode - zauberhafte Kindermode online Hochwertige und modische Kindermode Kindermode und Babybekleidung kann sowohl modisches Aussehen als auch praktische Funktionalität optimal miteinander kombinieren. Zaubermode - zauberhafte Kindermode online hat sich die Verwirklichung dieser positiven Eigenschaften zum Ziel gesetzt. Angebote NEU -20% HUST & CLAIRE - Sweatshirt BEAR VALLEY in... Lieferzeit: 1-2 Tage Unser bisheriger Preis 44,20 EUR jetzt nur 34,95 EUR NEU -78% IMPS & ELFS - Slimfit Jeans in Indigo... Lieferzeit: 1-2 Tage Unser bisheriger Preis 58,95 EUR jetzt nur 12,95 EUR NEU -20% HUST & CLAIRE - Sweatshirt URBAN HUST in... Lieferzeit: 1-2 Tage Unser bisheriger Preis 36,20 EUR jetzt nur 28,95 EUR NEU -55% TICKET TO HEAVEN - Body gestreift pink-rot... Lieferzeit: 1-2 Tage Unser bisheriger Preis 17,95 EUR jetzt nur 7,95 EUR Neue Artikel NEU TUC TUC - Bolerojäckchen mit Melonentaschen... Lieferzeit: 1-2 Tage 15,95 EUR NEU PIPPI - Shirt Kurzarm KRONE in rot-lila Lieferzeit: 1-2 Tage 6,00 EUR NEU KLITZEKLEIN - Jeans-Short denim Lieferzeit: 1-2 Tage 7,95 EUR NEU BOBOLI - Spielhose mit Sonnenhut CHERRY in... Lieferzeit: 1-2 Tage 14,95 EUR Angebote IMPS & ELFS - Slimfit Jeans in Indigo Unser bisheriger Preis 58,95 EUR jetzt nur 12,95 EUR Filter Geschlecht - Junge Mädchen Größe - 32 38 40 44 48 50 56 62 68 74 80 86 92 98 104 110 116 122 128 134 Schuhgröße - 16 17 18 19 20 21 22 23 24 25 26 27 28 29 30 31 32 33 34 35 Farbe - bunt beige blau braun gelb flieder grau grün khaki lila orange pink rosa rot schwarz silber türkis violett weiss Filtern Zurücksetzen Fehler beim Abrufen der verfügbaren Filterwerte! Hersteller Bitte wählenAdelheidAjiduoalleAmazing IdeasAnimalArena VerlagArizonaBabalunoBaby Cornerbaby-babyBinoBlade & RoseBlue SevenBóboliBondiBright StartsCarlinaCarter'sChiccoClip-HoColors for LifeCoppenrath Verl..DirkjeDog & DuckDucky BeauEbi & EbiFarbgewitterFisher PriceFixoniFoxyFrugiGaialunaHabaHCM-KinzelHugo FroschHust & ClaireImps & ElfsInch BlueJackyJNY Colourful K..JohaKjomizoKlitzekleinKris X KidsKrutterLAMALamazeLegler - Small ..LeoZLoewe VerlagMaxomorraMe TooMilarda Kidswea..Mim-piMinymoName ItNatubiniNyaniOlive & MossPebble StonePiccalillyPippiPlayshoesRavensburger Ve..ReuberkindSchleichSchmidt SpieleSigikidSkip HopSockswearSoxoSubmarineTaggiesThe Children's ..Thienemann Verl..Ticket to Heave..TinebaToy StoryTrachtenkindTrendhausTuc TucTumble ’N..UBANG babblecha..VedesVinroseWSP Kids Bestseller BONDI - Trachten-Strampler-Set GIPFELKRAXLER in rot 39,95 EUR JOHA - Wende-Schlupfmütze DOUBLE STRIPE aus Merinowolle in blau 22,95 EUR Fingerpuppen-Set ""WEIHNACHTEN"" aus Stoff, 5tlg. 7,99 EUR BONDI - Trachten-Kniebundstrumpf ALPENGLÜCK in rot-grün 8,95 EUR Strampelsack Schlafsack WONDERLAND in rosa 15,95 EUR Newsletter-Anmeldung Anmelden Mehr über... Impressum Kontakt Versand- & Zahlungsbedingungen Widerrufsrecht & Widerrufsformular AGB Privatsphäre und Datenschutz Callback Service Häufig gesucht Geschenk-Ideen Alles für's Baby Mädchen-Kindermode Jungen-Kindermode Share Copyright 2017. All Rights Reserved. {{#title}} {{title}} {{/title}} {{{items.src}}} {{#showButtons}} {{#buttons}} {{name}} {{/buttons}} {{/showButtons}} {{#content}} {{.}} {{/content}} {{#content}} {{{.}}} {{/content}} "
198,zipf-immobilien24.de," Zipf und Partner Immobilien GmbH - Immobilien verkaufen, vermieten! Logo Zipf und Partner Über 35 Jahre Ihr Partner in allen Immobilienfragen! Logo-Kontakt Rufen Sie uns an! Gerne helfen wir Ihnen weiter! Kontakt aufnehmen Menu MietenKaufenServiceObjekte anbietenKontaktKarriereStandorteFirmenprofil Menu Wohnung MieteHaus MieteBüros / PraxenEinzelhandelImmobilienbewertung Menu links unten Immobilien Unser Service für Immobilien Verkäufer und Vermieter! Logo-ImmobilienScout24 Unsere Standorte: Aachen, Ammerbuch, Bad Kissingen, Bad Segeberg Bad Vilbel, Bamberg, Bayreuth, Bergstraße, Berlin, Bonn, Buchholz bei Hamburg, Calw, Darmstadt, Dresden, Düsseldorf, Frankfurt, Freiburg Friedberg, Greifswald, Hamburg, Haßloch, Haßfurt, Heidelberg, Heilbronn Ingolstadt, Kassel, Köln, Lampertheim, Limburgerhof, Ludwigshafen Mannheim, Mettmann, Mönchengladbach, München, Nürnberg, Reutlingen Simmerath - Eifel, Stuttgart, Tübingen, Villingen-Schwenningen, Viersen Weinheim, Weinstraße, Wesseling, Wiesloch Kunden-Bewertungen: Immobilien - Suchende 88 % empfehlen unser Unternehmen weiter Vermieter / Verkäufer 100 % empfehlen unser Unternehmen weiter Sie wollen Ihre Immobilie verkaufen? Vertrauen Sie bei der Vermittlung Ihrer Immobilie dem Profi Sie wollen Ihr Haus, Ihre Wohnung oder Ihr Grundstück erfolgreich zum höchsten Marktpreis und schnell verkaufen oder vermieten? Dann brauchen Sie einen Spezialisten, der Sie mit seinem Fachwissen, Verbindungen und Marktkenntnissen bis zum erfolgreichen Abschluss begleitet. Rufen oder mailen Sie uns bitte an! Ansprechpartner in Ihrer Region » Ihre Vorteile: Bei der Vermittlung Ihrer Immobilie setzen wir professionell erstellte und vertonte Videos ein. Beispielvideo für Verkaufs- und Mietobjekte: Weitere Videos finden Sie in unserem YouTube-Kanal! Wählen Sie bitte aus unseren Immobilienangeboten: Landkarte Landkarte-Text Finden Sie Ihr Traumhaus oder Ihre Traumwohnung mit wenigen Klicks auf dieser Lankarte! Siegel Job Karriere als Immobilien-Berater: Machen Sie den ersten Schritt zu Ihrem Erfolg und bewerben Sie sich bei uns. Jetzt bewerben » YouTube Banner je-box Immobiliensuche_LAGLER » Widerrufsbelehung-Widerrufsrecht Fusszeile-Firmenprofil Firmenprofil Impressum Widerrufsbelehrung Standorte Kontaktformular Login Fusszeile-Service Unser Service Für Vermieter Für Verkäufer Energiepass Architekt Finanzierungen Fusszeile-Suchen Suchen Wohnung mieten Haus mieten Wohnung kaufen Haus kaufen Grundstück kaufen Fusszeile-Tipps Hilfe News Kauflexikon Vermieter-Lexikon Verkäufer-Lexikon Makleralleinauftrag Copyright Copyright © 1980 - 2016, Zipf und Partner Immobilien GmbH Benutzername: User-Login Ihr E-Mail "
199,zunft.de,"Zunftkleidung online günstig kaufen - Zunft.de Alle Bestellungen bis 13:00 Uhr gehen am selben Tag raus, wenn die Artikel auf Lager sind. Zunft.de MännerFrauenKinder Menü Warenkorb Anmelden Suchen Zunfthosen Ohne Schlag Mit Schlag Bermudas Arbeitshosen Regenbekleidung 30 Tage RückgaberechtGeld zurück GarantieVersandkostenfrei ab 49 € Zunftwesten kurzer Rücken langer Rücken Arbeits-Westen 30 Tage RückgaberechtGeld zurück GarantieVersandkostenfrei ab 49 € Oberbekleidung Jacken & Sakkos Arbeits-Jacken Sicherheits-Jacken Regenbekleidung Zunftsakkos 30 Tage RückgaberechtGeld zurück GarantieVersandkostenfrei ab 49 € Pullover ohne-Reißverschluss mit Reißverschluss mit Zunftzeichen 30 Tage RückgaberechtGeld zurück GarantieVersandkostenfrei ab 49 € T-Shirts & Hemden T-Shirts mit Zunftzeichen Polo-Shirts Stauden Hemden 30 Tage RückgaberechtGeld zurück GarantieVersandkostenfrei ab 49 € Schuhe Dachdeckerschuhe Sicherheitsschuhe Damen-Sicherheitsschuhe 30 Tage RückgaberechtGeld zurück GarantieVersandkostenfrei ab 49 € Zubehör Gürtel & Koppel Taschen Werkzeughalter Hosenträger Kniepolster Hüte Mützen & Caps Uhren & Schmuck SNAPfast Zünftiges ZunfthosenZunftwestenJackenT-ShirtsSchuhe Zubehör Gürtel & Koppel Taschen Werkzeughalter Hosenträger Kniepolster Hüte Mützen & Caps Uhren & Schmuck SNAPfast Zünftiges Zunfthosen ZunftwestenStaude PulloverZubehör Menü Männer Frauen Kinder Zunfthosen Zunfthsoen Zunfthose ohne Schlag Zunfthose mit Schlag Bermudas Arbeitshosen Regenbekleidung Zunftwesten Zunftwesten kurzer Rücken langer Rücken Arbeits-Westen Jacken & Sakkos Jacken & Sakkos Arbeits-Jacken Sicherheits-Jacken Regenbekleidung Zunftsakkos Pullover Pullover ohne-Reißverschluss mit Reißverschluss mit Zunftzeichen T-Shirts & Hemden T-Shirts & Hemden T-Shirts mit Zunftzeichen Polo-Shirts Stauden Hemden Schuhe Schuhe Dachdeckerschuhe Sicherheitsschuhe Damen-Sicherheitsschuhe Zubehör Zubehör Gürtel & Koppel Taschen Taschen Nageltaschen Multitaschen Handytaschen Reisetasche Werkzeughalter Werkzeughalter Messerhalter Hammerhalter Zangenhalter Knarrenhalter Schlusselanhänger Hosenträger Kniepolster Hüte Mützen & Caps Uhren & Schmuck SNAPfast Zünftiges Zunfthosen für Frauen Zunftwesten für Frauen Jacken für Frauen T-Shirts für Frauen Schuhe für Frauen Zunfthosen für Kinder Zunftwesten für Kinder Pullover für Kinder Stauden für Kinder Zubehör für Kinder > Zunft-Geschenke Die kommen wirklich zum Einsatz! Über 150 Zunfthosen Größte Auswahl Deutschlands! Frauen Zunftbekleidung Die richtige Zunft für alle Perlen! Zeige Deine Zunft T-Shirts und Pullover selber gestalten! SonderanfertigungWir fertigen nach Maß Logo Service Wirb mit deinem Namen Katalog 2017Jetzt gratis bestellen Weitere Infos anzeigenZunftkleidung bei Zunft.deTradition, Leidenschaft und echte QualitätZunft steht für echte Leidenschaft, traditionelles Handwerk und beste Qualität. Deshalb bieten wir Dir hier bei uns im Online-Shop ein besonders großes Sortiment an Zunftkleidung an. Wir haben alles übersichtlich sortiert, damit Du genau die Zunft findest, die Du suchst. Benutze am besten die Filter auf unserer Seite, um genau das richtige Produkt für Dich zu finden und es ganz einfach zu bestellen.Große Auswahl an ZunftbekleidungManchmal darf es eben etwas mehr Zunft sein. Zunftbekleidung ist schließlich so unterschiedlich, wie die Handwerker, die sie tragen. Echte Persönlichkeiten in echter Zunftkleidung. Bei Deiner Zunftbekleidung solltest Du keine Kompromisse eingehen und genau die Zunftbekleidung auswählen, die zu Dir und Deinem Handwerk passt. Deshalb bieten wir Dir eine große Auswahl an Zunftkleidung an. Dadurch kannst Du immer genau die Zunft aussuchen und bestellen, die Dir gefällt. Gerade bei Zunft ist das wichtig, denn schließlich soll sie aus einer Mischung aus qualitativer Arbeitsbekleidung, Bequemlichkeit und gutem Aussehen bestehen. Die große Auswahl und die vielen Filtermöglichkeiten bei uns im Shop helfen Dir bestimmt, das Richtige zu finden und zu bestellen. Bei Zunft.de findest Du Zunfthosen, Zunftwesten, Zunftsakkos, T-Shirts, Hemden und Stauden, Damenzunft, Kinderzunft und Zunftzubehör. Die größte Auswahl haben wir natürlich im Bereich Zunfthosen, sowohl bei Zunfthosen ohne Schlag als auch bei Zunfthosen mit Schlag. Auch Zunft-Bermudas und Arbeitshosen mit einem Reißverschluss haben wir im Sortiment. Daneben findest Du aber auch alles andere, was eine echte Zunft ausmacht. Egal, ob Du auf die Walz gehen willst, einfach als Handwerker arbeitest oder Zunftkleidung in Deiner Freizeit trägst. Trotzdem gilt immer: Unterschiedliche Hersteller machen auch unterschiedliche Zunft. Deshalb arbeiten wir mit fast allen großen Herstellern von Zunftbekleidung zusammen. Bei uns im Online-Shop findest Du Zünftiges von FHB, Oyster, Eiko, Boetticher, Orgnatur, Job, Pionier und unserer Eigenmarke. Außerdem bieten wir Dir Zunftkleidung in verschiedenen Stoffen an. Eine große Auswahl haben wir zudem im Bereich Dachdeckerschuhe und Sicherheitsschuhe. Dort bieten wir dir die Marken FHB, Job, No Risk, Lavoro und Elten an. Für den Winter oder wenn es draußen sonst mal ungemütlich wird, findest Du bei uns außerdem Arbeitsjacken, Sicherheitsjacken und Regenbekleidung.Hohe QualitätEgal, ob Du Zunftbekleidung auf der Baustelle, in der Werkstatt, auf der Walz oder in der Freizeit trägst - uns ist es wichtig, dass die Qualität Deiner Arbeitsbekleidung stimmt. Denn wer bei der Arbeit richtig anpacken, über Holz rutschten oder auf den Knien sitzen muss, braucht echte Qualitätskleidung mit langer Haltbarkeit. Genau dafür steht Zunft. Zusätzlich garantiert der Kauf von Zunftkleidung für Unternehmen ein einheitliches Auftreten. So wissen die Kunden immer: Hier sind echte Handwerker vor Ort, die auf Qualität achten. Um es kurz zu machen: Qualität für Deine Zunftkleidung ist uns einfach wichtig. Deshalb bieten wir Dir nur hochwertige und robuste Zunftbekleidung an, die ordentlich was aushält. Trotzdem achten wir immer darauf, Dir die Zunftkleidung möglichst günstig anzubieten.Echte LeidenschaftZunftbekleidung ist für uns mehr, als nur zwei Reißverschlüsse oder sechs Knöpfe. Zunftkleidung steht für traditionelles Handwerk und moderne Arbeitsmethoden. Wir lieben die Zunft und tragen sie auch selber. Als Familienunternehmen kennen wir alle unsere Produkte bei Zunft.de ganz genau und wissen, dass Zunft für viele eben mehr ist, als nur eine reine Arbeitsbekleidung. Zunftkleidung ist für Handwerker gemacht, die auf der Baustelle oder in der Werkstatt jeden Tag richtig gute Arbeit leisten und auf Qualität achten. Hotline: 04826-99 99 020 Zunft-Magazin Starke Stücke | Testberichte | Themen-SeitenZunft.de Kontakt Wir über uns Deine Vorteile Gratis KatalogZunft-Gestalter Logo Service Sonderanfertigung GestalterTop Suchbegriffe Zimmermannshose Maurer-ZunftbekleidungZunft-Berater Stoff-Berater Größen-Berater Geschenke-BeraterDeine Vorteile Kostenfreier Versand ab 49 €41 € Kostenfreier Rückversand Geldzurückgarantie Zahlung & Versand Sichere Zahlung Schnelle Lieferung mit Geprüfte Qulität über 1750 Bewertungen99% zufriedene Kunden Impressum | AGB | Widerrufsrecht |Datenschutzerklärung | Zahlungsarten | Versandkosten | © 2006 - 2017 Zunft.de | Powered by JTL-Shop | Sitemap | Preise inklusiveexklusive gesetzlicher Umsatzsteuer. *Bis 49 €41 € Versandkosten innerhalb deutschland von 4,99 €4,20 €. "
